@inproceedings{Fourie2016,
    title = {{A nonparametric belief solution to the Bayes tree}},
    year = {2016},
    booktitle = {IEEE International Conference on Intelligent Robots and Systems},
    author = {Fourie, Dehann and Leonard, John and Kaess, Michael},
    pages = {2189--2196},
    volume = {2016-Novem},
    isbn = {9781509037629},
    doi = {10.1109/IROS.2016.7759343},
    issn = {21530866}
}

@inproceedings{engel2016monodataset,
    title = {{A Photometrically Calibrated Benchmark For Monocular Visual Odometry}},
    year = {2016},
    booktitle = {arXiv:1607.02555},
    author = {Engel, J and Usenko, V and Cremers, D},
    keywords = {dso, mono-ds}
}

@book{Martin2003,
    title = {{Agile Software Development, Principles, Patterns, and Practices}},
    year = {2003},
    booktitle = {Book},
    author = {Martin, Robert C},
    isbn = {0135974445},
    doi = {10.1007/BF03250842},
    issn = {0937-6429},
    pmid = {15667577},
    arxivId = {ArXiv ID}
}

@book{Larman2001,
    title = {{Applying UML and Patterns: An Introduction to Object-Oriented Analysis and Design and the Unified Process (2nd Edition)}},
    year = {2001},
    booktitle = {software engineering},
    author = {Larman, Craig},
    isbn = {0131489062},
    doi = {10.1016/j.nec.2006.05.008},
    issn = {10423680},
    pmid = {16876023}
}

@misc{caesarjl,
    title = {{Caesar.jl}},
    year = {2017},
    author = {Fourie, Dehann and Leonard, John and Kaess, Michael and {contributors}},
    url = {https://github.com/dehann/Caesar.jl}
}

@inproceedings{yang17evaluation,
    title = {{Challenges in Monocular Visual Odometry: Photometric Calibration, Motion Bias and Rolling Shutter Effect}},
    year = {2017},
    booktitle = {arXiv:1705.04300},
    author = {Yang, N and Wang, R and Gao, X and Cremers, D},
    keywords = {SLAM, dso, evaluation, visual odometry}
}

@article{Kaess2012,
    title = {{Concurrent filtering and smoothing}},
    year = {2012},
    journal = {15th International Conference on Information Fusion (FUSION)},
    author = {Kaess, Michael and Williams, Stephen},
    pages = {1300--1307},
    url = {http://ieeexplore.ieee.org/xpls/abs_all.jsp?arnumber=6289957},
    isbn = {9780982443859},
    keywords = {Bayes tree, Index Terms—Navigation, factor graph, filtering, loop closing, smoothing}
}

@article{Williams2014,
    title = {{Concurrent filtering and smoothing: A parallel architecture for real-time navigation and full smoothing}},
    year = {2014},
    journal = {International Journal of Robotics Research},
    author = {Williams, Stephen and Indelman, Vadim and Kaess, Michael and Roberts, Richard and Leonard, John J. and Dellaert, Frank},
    number = {12},
    pages = {1544--1568},
    volume = {33},
    isbn = {978-1-4673-0417-7},
    doi = {10.1177/0278364914531056},
    issn = {17413176},
    keywords = {Information fusion, SLAM, filtering, probabilistic graphical models, real time navigation, smoothing}
}

@article{Chiu2014,
    title = {{Constrained optimal selection for multi-sensor robot navigation using plug-and-play factor graphs}},
    year = {2014},
    journal = {IEEE International Conference on Robotics and Automation (ICRA)},
    author = {Chiu, Han-Pang and Zhou, Xun S. and Carlone, Luca and Dellaert, Frank and Samarasekera, Supun and Kumar, Rakesh},
    pages = {663--670},
    url = {http://ieeexplore.ieee.org/lpdocs/epic03/wrapper.htm?arnumber=6906925},
    isbn = {978-1-4799-3685-4},
    doi = {10.1109/ICRA.2014.6906925},
    issn = {10504729},
    keywords = {Accuracy, Navigation, Noise, Noise measurement, Robot sensing systems, Three-dimensional displays, Time measurement, active sensors, factor graph formulation, graph theory, heuristic rules, multi-robot systems, multisensor robot navigation, navigation, novel constrained optimal selection mechanism, observability coverage, plug-and-play factor graph framework, real-time navigation approach, sensors, ternary tree expansion algorithm}
}

@article{Engel2018,
    title = {{Direct Sparse Odometry}},
    year = {2018},
    journal = {IEEE Transactions on Pattern Analysis and Machine Intelligence},
    author = {Engel, Jakob and Koltun, Vladlen and Cremers, Daniel},
    number = {3},
    month = {3},
    pages = {611--625},
    volume = {40},
    doi = {10.1109/TPAMI.2017.2658577},
    issn = {0162-8828},
    keywords = {Cameras, Computational modeling, Geometry, Optimization, Robustness, Three-dimensional displays, Visualization}
}

@article{Mei2008,
    title = {{Efficient Homography-based Tracking and 3D Reconstruction for Single Viewpoint Sensors}},
    year = {2008},
    journal = {Tro},
    author = {Mei, Christopher and Benhimane, Selim and Malis, Ezio and Rives, Patrick},
    number = {6},
    pages = {1352--1364},
    volume = {24},
    isbn = {1552-3098},
    doi = {10.1109/TRO.2008.2007941},
    issn = {15523098},
    keywords = {Omnidirectional vision, Structure from motion, Visual tracking}
}

@inproceedings{Rehder2016,
    title = {{Extending kalibr: Calibrating the extrinsics of multiple IMUs and of individual axes}},
    year = {2016},
    booktitle = {Proceedings - IEEE International Conference on Robotics and Automation},
    author = {Rehder, Joern and Nikolic, Janosch and Schneider, Thomas and Hinzmann, Timo and Siegwart, Roland},
    isbn = {9781467380263},
    doi = {10.1109/ICRA.2016.7487628},
    issn = {10504729},
    pmid = {23542776}
}

@article{Dellaert2017,
    title = {{Factor Graphs for Robot Perception}},
    year = {2017},
    journal = {Foundations and Trends in Robotics},
    author = {Dellaert, Frank and Kaess, Michael},
    number = {1-2},
    pages = {1--139},
    volume = {6},
    isbn = {9781680833263},
    doi = {10.1561/2300000043},
    issn = {1935-8253},
    arxivId = {arXiv:1408.0952v2}
}

@article{Shelhamer2017,
    title = {{Fully Convolutional Networks for Semantic Segmentation}},
    year = {2017},
    journal = {IEEE Transactions on Pattern Analysis and Machine Intelligence},
    author = {Shelhamer, Evan and Long, Jonathan and Darrell, Trevor},
    isbn = {9781467369640},
    doi = {10.1109/TPAMI.2016.2572683},
    issn = {01628828},
    pmid = {16190471},
    arxivId = {1411.4038v2},
    keywords = {Convolutional Networks, Deep Learning, Semantic Segmentation, Transfer Learning}
}

@misc{incrementalinferencejl,
    title = {{IncrementalInference.jl}},
    year = {2017},
    author = {Fourie, Dehann and Leonard, John and Kaess, Michael and {contributors}},
    url = {https://github.com/dehann/IncrementalInference.jl}
}

@article{doi:10.1177/0278364917728574,
    title = {{Iterated extended Kalman filter based visual-inertial odometry using direct photometric feedback}},
    year = {2017},
    journal = {The International Journal of Robotics Research},
    author = {Bloesch, Michael and Burri, Michael and Omari, Sammy and Hutter, Marco and Siegwart, Roland},
    number = {10},
    month = {9},
    pages = {1053--1072},
    volume = {36},
    url = {https://doi.org/10.1177/0278364917728574 http://journals.sagepub.com/doi/10.1177/0278364917728574},
    doi = {10.1177/0278364917728574},
    issn = {0278-3649}
}

@article{Leutenegger2015,
    title = {{Keyframe-based visual–inertial odometry using nonlinear optimization}},
    year = {2015},
    journal = {The International Journal of Robotics Research},
    author = {Leutenegger, Stefan and Lynen, Simon and Bosse, Michael and Siegwart, Roland and Furgale, Paul},
    number = {3},
    month = {3},
    pages = {314--334},
    volume = {34},
    url = {http://journals.sagepub.com/doi/10.1177/0278364914554813 http://www.mendeley.com/research/keyframebased-visualinertial-odometry-using-nonlinear-optimization},
    isbn = {0278-3649},
    doi = {10.1177/0278364914554813},
    issn = {0278-3649}
}

@inproceedings{gao2018ldso,
    title = {{LDSO: Direct Sparse Odometry with Loop Closure}},
    year = {2018},
    booktitle = {International Conference on Intelligent Robots and Systems (IROS)},
    author = {Gao, X and Wang, R and Demmel, N and Cremers, D},
    keywords = {dso, ldso}
}

@inproceedings{fsr_hinzmann_2017,
    title = {{Mapping on the Fly: Real-time 3D Dense Reconstruction, Digital Surface Map and Incremental Orthomosaic Generation for Unmanned Aerial Vehicles}},
    year = {2017},
    booktitle = {Field and Service Robotics - Results of the 11th International Conference},
    author = {T. Hinzmann J. L. Sch{\"{o}}nberger, M Pollefeys and Siegwart, R}
}

@inproceedings{BrianYeomansASTRA2017,
    title = {{MURFI 2016 - From Cars to Mars: Applying Autonomous Vehicle Navigation Methods To a Space Rover Mission}},
    year = {2017},
    booktitle = {Proceedings of the 14th Symposium on Advanced Space Technologies in Robotics and Automation (ASTRA)},
    author = {Yeomans, Brian and Porav, Horia and Gadd, Matthew and Barnes, Dan and Dequaire, Julie and Wilcox, Tom and Kyberd, Stephen and Venn, Simon and Newman, Paul},
    address = {Leiden, Netherlands}
}

@article{Forster2017,
    title = {{On-Manifold Preintegration for Real-Time Visual--Inertial Odometry}},
    year = {2017},
    journal = {IEEE Transactions on Robotics},
    author = {Forster, Christian and Carlone, Luca and Dellaert, Frank and Scaramuzza, Davide},
    number = {1},
    month = {2},
    pages = {1--21},
    volume = {33},
    url = {http://ieeexplore.ieee.org/document/7557075/},
    isbn = {9781467380256},
    doi = {10.1109/TRO.2016.2597321},
    issn = {1552-3098},
    pmid = {15523098},
    arxivId = {1512.02363},
    keywords = {Computer vision, sensor fusion, visual-inertial odometry (VIO)}
}

@inproceedings{bergmann17calibration,
    title = {{Online Photometric Calibration of Auto Exposure Video for Realtime Visual Odometry and SLAM}},
    year = {2017},
    booktitle = {arXiv:1710.02081},
    author = {Bergmann, P and Wang, R and Cremers, D},
    month = {9},
    keywords = {SLAM, calibration, direct, dso, visual odometry}
}

@article{Cadena2016,
    title = {{Past, Present, and Future of Simultaneous Localization and Mapping: Toward the Robust-Perception Age}},
    year = {2016},
    journal = {IEEE Transactions on Robotics},
    author = {Cadena, Cesar and Carlone, Luca and Carrillo, Henry and Latif, Yasir and Scaramuzza, Davide and Neira, Jose and Reid, Ian and Leonard, John J},
    number = {6},
    month = {12},
    pages = {1309--1332},
    volume = {32},
    url = {http://ieeexplore.ieee.org/document/7747236/},
    isbn = {9781479936847},
    doi = {10.1109/TRO.2016.2624754},
    issn = {1552-3098},
    pmid = {6576973927449638915},
    arxivId = {arXiv:1606.05830v4}
}

@inproceedings{McDonald2013,
    title = {{Real-time 6-DOF multi-session visual SLAM over large-scale environments}},
    year = {2013},
    booktitle = {Robotics and Autonomous Systems},
    author = {McDonald, J. and Kaess, M. and Cadena, C. and Neira, J. and Leonard, J. J.},
    number = {10},
    pages = {1144--1158},
    volume = {61},
    isbn = {0921-8890},
    doi = {10.1016/j.robot.2012.08.008},
    issn = {09218890},
    keywords = {Anchor nodes, Bundle adjustment, Place recognition, Stereo, iSAM}
}

@article{Burri2015,
    title = {{Real-time visual-inertial mapping, re-localization and planning onboard MAVs in unknown environments}},
    year = {2015},
    journal = {IEEE International Conference on Intelligent Robots and Systems},
    author = {Burri, Michael and Oleynikova, Helen and Achtelik, Markus W. and Siegwart, Roland},
    pages = {1872--1878},
    volume = {2015-Decem},
    isbn = {9781479999941},
    doi = {10.1109/IROS.2015.7353622},
    issn = {21530866},
    keywords = {Buildings, Cameras, Helicopters, Inspection, Planning, Real-time systems, Visualization}
}

@inproceedings{Chiu2013,
    title = {{Robust vision-aided navigation using Sliding-Window Factor graphs}},
    year = {2013},
    booktitle = {Proceedings - IEEE International Conference on Robotics and Automation},
    author = {Chiu, Han Pang and Williams, Stephen and Dellaert, Frank and Samarasekera, Supun and Kumar, Rakesh},
    pages = {46--53},
    isbn = {9781467356411},
    doi = {10.1109/ICRA.2013.6630555},
    issn = {10504729}
}

@misc{romejl,
    title = {{RoME.jl}},
    year = {2017},
    author = {Fourie, Dehann and Leonard, John and Kaess, Michael and {Contributors}},
    url = {https://github.com/dehann/RoME.jl}
}

@book{barfoot2017state,
    title = {{State Estimation for Robotics}},
    year = {2017},
    author = {Barfoot, Timothy D.},
    publisher = {Cambridge University Press},
    url = {http://ebooks.cambridge.org/ref/id/CBO9781316671528},
    address = {Cambridge},
    isbn = {9781316671528},
    doi = {10.1017/9781316671528}
}

@inproceedings{wang2017stereoDSO,
    title = {{Stereo DSO: Large-Scale Direct Sparse Visual Odometry with Stereo Cameras}},
    year = {2017},
    booktitle = {International Conference on Computer Vision (ICCV)},
    author = {Wang, R and Schw{\"{o}}rer, M and Cremers, D},
    address = {Venice, Italy},
    keywords = {3D reconstruction, dso, stereo, visual odometry}
}

@article{muehlfellner_jfr15,
    title = {{Summary Maps for Lifelong Visual Localization}},
    year = {2015},
    journal = {Journal of Field Robotics},
    author = {M{\"{u}}hlfellner, Peter and B{\"{u}}rki, Mathias and Bosse, Mike and Derendarz, Wojciech and Philippsen, Roland and Furgale, Paul}
}

@inproceedings{mahjourian2018unsupervised,
    title = {{Unsupervised Learning of Depth and Ego-Motion from Monocular Video Using 3D Geometric Constraints}},
    year = {2018},
    booktitle = {Proceedings of the IEEE Computer Society Conference on Computer Vision and Pattern Recognition},
    author = {Mahjourian, Reza and Wicke, Martin and Angelova, Anelia},
    pages = {5667--5675},
    isbn = {9781538664209},
    doi = {10.1109/CVPR.2018.00594},
    issn = {10636919}
}

@article{Lowry2016,
    title = {{Visual Place Recognition: A Survey}},
    year = {2016},
    journal = {IEEE Transactions on Robotics},
    author = {Lowry, Stephanie and Sunderhauf, Niko and Newman, Paul and Leonard, John J. and Cox, David and Corke, Peter and Milford, Michael J.},
    number = {1},
    month = {2},
    pages = {1--19},
    volume = {32},
    url = {http://ieeexplore.ieee.org/document/7339473/},
    isbn = {1552-3098},
    doi = {10.1109/TRO.2015.2496823},
    issn = {1552-3098},
    keywords = {Place recognition, Visual place recognition}
}

@article{article,
    title = {{Visual Simultaneous Localization and Mapping}},
    year = {2003},
    journal = {Artificial Intelligence Review},
    author = {Goncalves, Luis and Karlsson, Niklas and Bernardo, Enrico Di and Benson, Dave and Pirjanian, Paolo},
    number = {1},
    pages = {55--81},
    volume = {43}
}

@article{articleb,
    title = {{Visual simultaneous localization and mapping: a survey}},
    year = {2015},
    journal = {Artificial Intelligence Review},
    author = {Fuentes-Pacheco, Jorge and Ruiz-Ascencio, José and Rend{\'{o}}n-Mancha, Juan Manuel},
    number = {1},
    month = {1},
    pages = {55--81},
    volume = {43},
    url = {http://link.springer.com/10.1007/s10462-012-9365-8},
    doi = {10.1007/s10462-012-9365-8},
    issn = {0269-2821}
}

@article{yolov3,
    title = {{YOLOv3: An Incremental Improvement}},
    year = {2018},
    journal = {arXiv},
    author = {Redmon, Joseph and Farhadi, Ali}
}

@article{Gallup20103DHeightmap,
    title = {{3D Reconstruction Using an n -Layer Heightmap}},
    year = {2010},
    author = {Gallup, David and Pollefeys, Marc and Frahm, Jan-michael},
    pages = {1--10}
}

@article{Geiger20143DPlatforms,
    title = {{3D Traffic Scene Understanding From Movable Platforms}},
    year = {2014},
    journal = {IEEE Transactions on Pattern Analysis and Machine Intelligence},
    author = {Geiger, Andreas and Lauer, Martin and Wojek, Christian and Stiller, Christoph and Urtasun, Raquel},
    number = {5},
    month = {5},
    pages = {1012--1025},
    volume = {36},
    url = {http://www.mendeley.com/research/3d-traffic-scene-understanding-movable-platforms http://ieeexplore.ieee.org/document/6613480/},
    doi = {10.1109/TPAMI.2013.185},
    issn = {0162-8828}
}

@article{Zhang2000ACalibration,
    title = {{A flexible new technique for camera calibration}},
    year = {2000},
    journal = {IEEE Transactions on Pattern Analysis and Machine Intelligence},
    author = {Zhang, Zhengyou},
    number = {11},
    pages = {1330--1334},
    volume = {22},
    url = {http://ieeexplore.ieee.org/document/888718/},
    doi = {10.1109/34.888718},
    issn = {01628828},
    keywords = {2d pattern, Absolute conic, Calibration from planes, Camera calibration, Closed-form solution, Flexible plane-based calibration, Flexible setup, Lens distortion, Maximum likelihood estimation, Projective mapping}
}

@article{Loquercio2020ALearning,
    title = {{A General Framework for Uncertainty Estimation in Deep Learning}},
    year = {2020},
    journal = {IEEE Robotics and Automation Letters},
    author = {Loquercio, Antonio and Segu, Mattia and Scaramuzza, Davide},
    number = {2},
    volume = {5},
    doi = {10.1109/LRA.2020.2974682},
    issn = {23773766},
    arxivId = {1907.06890}
}

@article{Khaliq2019AChanges,
    title = {{A Holistic Visual Place Recognition Approach Using Lightweight CNNs for Significant ViewPoint and Appearance Changes}},
    year = {2019},
    journal = {IEEE Transactions on Robotics},
    author = {Khaliq, Ahmad and Ehsan, Shoaib and Chen, Zetao and Milford, Michael and McDonald-Maier, Klaus},
    number = {2},
    pages = {1--9},
    volume = {36},
    publisher = {IEEE},
    doi = {10.1109/tro.2019.2956352},
    issn = {1552-3098},
    arxivId = {1811.03032}
}

@article{Giusti2015ARobots,
    title = {{A Machine Learning Approach to Visual Perception of Forest Trails for Mobile Robots}},
    year = {2015},
    journal = {IEEE Robotics and Automation Letters},
    author = {Giusti, Alessandro and Guzzi, Jérôme and Cire, Dan C and He, Fang-lin and Rodr{\'{i}}guez, Juan P and Fontana, Flavio and F{\"{a}}ssler, Matthias and Forster, Christian and Schmidhuber, Jürgen and Caro, Gianni Di and Scaramuzza, Davide and Gambardella, Luca M},
    number = {99},
    pages = {1--1},
    volume = {PP},
    url = {http://ieeexplore.ieee.org/lpdocs/epic03/wrapper.htm?arnumber=7358076},
    isbn = {9781467380256},
    doi = {10.1109/LRA.2015.2509024},
    issn = {2377-3766},
    keywords = {Aerial Robotics, Cameras, Deep Learning, Image segmentation, Machine Learning, Mobile robots, Roads, Robot vision systems, Visual perception, Visual-Based Navigation}
}

@techreport{SolaARobotics,
    title = {{A micro Lie theory for state estimation in robotics}},
    author = {Sol{\`{a}}, Joan and Deray, Jeremie and Atchuthan, Dinesh},
    url = {https://github.com/artivis/manif.},
    arxivId = {1812.01537v5}
}

@article{Guo2015AUnderstanding,
    title = {{A Multimodal ADAS System for Unmarked Urban Scenarios Based on Road Context Understanding}},
    year = {2015},
    journal = {IEEE Transactions on Intelligent Transportation Systems},
    author = {Guo, Chunzhao and Meguro, Junichi and Kojima, Yoshiko and Naito, Takashi},
    number = {4},
    pages = {1690--1704},
    volume = {16},
    isbn = {1524-9050},
    doi = {10.1109/TITS.2014.2368980},
    issn = {15249050},
    pmid = {1586658},
    keywords = {Advanced driver assistance system (ADAS), contextual correlation, road detection, scene understanding, vehicle detection}
}

@inproceedings{Gonzalez2016ARange,
    title = {{A novel CMOS-compatible, monolithically integrated line-scan hyperspectral imager covering the VIS-NIR range}},
    year = {2016},
    booktitle = {Proc. SPIE 9855, Next-Generation Spectroscopic Technologies IX},
    author = {Gonzalez, Pilar and Tack, Klaas and Geelen, Bert and Masschelein, Bart and Charle, Wouter and Vereecke, Bart and Lambrechts, Andy},
    pages = {98550N},
    isbn = {9781510600966},
    doi = {10.1117/12.2230726},
    issn = {1996756X}
}

@inproceedings{Kneip2011AOrientation,
    title = {{A novel parametrization of the perspective-three-point problem for a direct computation of absolute camera position and orientation}},
    year = {2011},
    booktitle = {CVPR 2011},
    author = {Kneip, Laurent and Scaramuzza, Davide and Siegwart, Roland},
    month = {6},
    pages = {2969--2976},
    publisher = {IEEE},
    url = {http://ieeexplore.ieee.org/document/5995464/},
    isbn = {978-1-4577-0394-2},
    doi = {10.1109/CVPR.2011.5995464},
    issn = {10636919}
}

@article{Windrim2018AImages,
    title = {{A Physics-Based Deep Learning Approach to Shadow Invariant Representations of Hyperspectral Images}},
    year = {2018},
    author = {Windrim, Lloyd and Ramakrishnan, Rishi and Melkumyan, Arman and Murphy, Richard J},
    number = {2},
    pages = {665--677},
    volume = {27}
}

@inproceedings{Haavardsholm2007ADetection,
    title = {{A physics-based statistical signature model for hyperspectral target detection}},
    year = {2007},
    booktitle = {International Geoscience and Remote Sensing Symposium (IGARSS)},
    author = {Haavardsholm, T.V. and Skauli, T. and K{\aa}sen, I.},
    number = {},
    volume = {},
    isbn = {1424412129},
    doi = {10.1109/IGARSS.2007.4423525},
    keywords = {Hyperspectral imaging, Signature detection, Signature model, Target detection}
}

@article{Zhang2017AOdometry,
    title = {{A real-time method for depth enhanced visual odometry}},
    year = {2017},
    journal = {Autonomous Robots},
    author = {Zhang, Ji and Kaess, Michael and Singh, Sanjiv},
    number = {1},
    month = {1},
    pages = {31--43},
    volume = {41},
    url = {http://link.springer.com/10.1007/s10514-015-9525-1},
    isbn = {9781479969340},
    doi = {10.1007/s10514-015-9525-1},
    issn = {0929-5593},
    pmid = {7353366},
    arxivId = {cs/9605103}
}

@inproceedings{Collins1996AMatching,
    title = {{A space-sweep approach to true multi-image matching}},
    year = {1996},
    booktitle = {Proceedings CVPR IEEE Computer Society Conference on Computer Vision and Pattern Recognition},
    author = {Collins, R.T.},
    pages = {358--363},
    isbn = {0-8186-7259-5},
    doi = {10.1109/CVPR.1996.517097},
    issn = {0960894X},
    pmid = {15664843}
}

@article{Hegerland2018ADocking,
    title = {{A Survey of Sensor Technologies for Autonomous Ferry Docking}},
    year = {2018},
    author = {Hegerland, Svein Olav}
}

@article{Piasco2018AData,
    title = {{A survey on Visual-Based Localization: On the benefit of heterogeneous data}},
    year = {2018},
    journal = {Pattern Recognition},
    author = {Piasco, Nathan and Sidib{\'{e}}, Désiré and Demonceaux, Cédric and Gouet-Brunet, Valérie},
    month = {2},
    pages = {90--109},
    volume = {74},
    publisher = {Pergamon},
    url = {https://www.sciencedirect.com/science/article/pii/S0031320317303448?_rdoc=1&_fmt=high&_origin=gateway&_docanchor=&md5=b8429449ccfc9c30159a5f9aeaa92ffb&dgcid=raven_sd_via_email http://linkinghub.elsevier.com/retrieve/pii/S0031320317303448},
    doi = {10.1016/j.patcog.2017.09.013},
    issn = {00313203}
}

@article{Grisetti2010ASLAM,
    title = {{A tutorial on graph-based SLAM}},
    year = {2010},
    journal = {IEEE Intelligent Transportation Systems Magazine},
    author = {Grisetti, Giorgio and Kummerle, Rainer and Stachniss, Cyrill and Burgard, Wolfram},
    number = {4},
    pages = {31--43},
    volume = {2},
    isbn = {1939-1390 VO - 2},
    doi = {10.1109/MITS.2010.939925},
    issn = {1939-1390},
    pmid = {5681215}
}

@article{Arulampalam2002ATracking,
    title = {{A Tutorial on Particle Filters for Online Nonlinear/Non-Gaussian Bayesian Tracking}},
    year = {2002},
    journal = {IEEE TRANSACTIONS ON SIGNAL PROCESSING},
    author = {Arulampalam, M Sanjeev and Maskell, Simon and Gordon, Neil and Clapp, Tim},
    number = {2},
    pages = {},
    volume = {50}
}

@article{Blanco2014AOptimization,
    title = {{A tutorial on se (3) transformation parameterizations and on-manifold optimization}},
    year = {2014},
    journal = {University of Malaga, Tech. Rep},
    author = {Blanco, Jl},
    number = {3},
    pages = {1--56},
    url = {http://www.ual.es/personal/jlblanco/%5Cnhttp://mapir.isa.uma.es/%5Cnhttp://mapir.isa.uma.es/~jlblanco/papers/jlblanco2010geometry3D_techrep.pdf},
    keywords = {()}
}

@techreport{BlancoAOptimization,
    title = {{A tutorial on SE(3) transformation parameterizations and on-manifold optimization}},
    author = {Blanco, Jose-Luis},
    url = {http://www.ual.es/personal/jlblanco/ http://mapir.isa.uma.es/},
    keywords = {()}
}

@article{Delmerico2017ActivePlanning,
    title = {{Active Autonomous Aerial Exploration for Ground Robot Path Planning}},
    year = {2017},
    journal = {IEEE Robotics and Automation Letters},
    author = {Delmerico, Jeffrey and Mueggler, Elias and Nitsch, Julia and Scaramuzza, Davide},
    number = {2},
    month = {4},
    pages = {664--671},
    volume = {2},
    url = {http://ieeexplore.ieee.org/document/7812671/},
    isbn = {2377-3766 VO - 2},
    doi = {10.1109/LRA.2017.2651163},
    issn = {2377-3766}
}

@article{Rosen2021AdvancesMapping,
    title = {{Advances in Inference and Representation for Simultaneous Localization and Mapping}},
    year = {2021},
    journal = {Annual Review of Control, Robotics, and Autonomous Systems},
    author = {Rosen, David M. and Doherty, Kevin J. and Espinoza, Antonio Terán and Leonard, John J.},
    doi = {10.1146/annurev-control-072720-082553},
    issn = {2573-5144},
    arxivId = {2103.05041}
}

@inproceedings{Forster2013Air-groundReconstruction,
    title = {{Air-ground localization and map augmentation using monocular dense reconstruction}},
    year = {2013},
    booktitle = {2013 IEEE/RSJ International Conference on Intelligent Robots and Systems},
    author = {Forster, Christian and Pizzoli, Matia and Scaramuzza, Davide},
    month = {11},
    pages = {3971--3978},
    publisher = {IEEE},
    url = {http://ieeexplore.ieee.org/document/6696924/},
    isbn = {978-1-4673-6358-7},
    doi = {10.1109/IROS.2013.6696924}
}

@article{MajdikAir-groundVehicles,
    title = {{Air-ground Matching: Appearance-based GPS-denied Urban Localization of Micro Aerial Vehicles}},
    journal = {Journal of Field Robotics},
    author = {Majdik, András L and Verda, Damiano and Albers-Schoenberg, Yves and Scaramuzza, Davide},
    number = {7},
    pages = {1015--1039},
    volume = {32},
    url = {https://onlinelibrary.wiley.com/doi/abs/10.1002/rob.21585},
    doi = {10.1002/rob.21585}
}

@article{Kemker2018AlgorithmsLearning,
    title = {{Algorithms for semantic segmentation of multispectral remote sensing imagery using deep learning}},
    year = {2018},
    journal = {ISPRS Journal of Photogrammetry and Remote Sensing},
    author = {Kemker, Ronald and Salvaggio, Carl and Kanan, Christopher},
    month = {4},
    publisher = {Elsevier},
    url = {https://www.sciencedirect.com/science/article/pii/S0924271618301229},
    doi = {10.1016/J.ISPRSJPRS.2018.04.014},
    issn = {0924-2716}
}

@article{Garzon2013AnAreas,
    title = {{An Aerial–Ground Robotic System for Navigation and Obstacle Mapping in Large Outdoor Areas}},
    year = {2013},
    journal = {Sensors},
    author = {Garz{\'{o}}n, Mario and Valente, João and Zapata, David and Barrientos, Antonio},
    number = {1},
    month = {1},
    pages = {1247--1267},
    volume = {13},
    url = {http://www.mendeley.com/research/aerialground-robotic-system-navigation-obstacle-mapping-large-outdoor-areas http://www.mdpi.com/1424-8220/13/1/1247/},
    doi = {10.3390/s130101247},
    issn = {1424-8220}
}

@inproceedings{Skauli2010AnSystem,
    title = {{An airborne real-time hyperspectral target detection system}},
    year = {2010},
    booktitle = {Proceedings of SPIE - The International Society for Optical Engineering},
    author = {Skauli, T. and Haavardsholm, T.V. and K{\aa}sen, I. and Arisholm, G. and Kavara, A. and Opsahl, T.O. and Skaugen, A.},
    number = {},
    volume = {7695},
    isbn = {9780819481597},
    doi = {10.1117/12.850443},
    issn = {0277786X},
    keywords = {Graphics processor, Hyperspectral imaging, Target detection}
}

@article{Reid1979AnTargets,
    title = {{An algorithm for tracking multiple targets}},
    year = {1979},
    journal = {IEEE Transactions on Automatic Control},
    author = {Reid, Donald},
    number = {6},
    month = {12},
    pages = {843--854},
    volume = {24},
    url = {http://ieeexplore.ieee.org/lpdocs/epic03/wrapper.htm?arnumber=4046312%5Cnhttp://ieeexplore.ieee.org/lpdocs/epic03/wrapper.htm?arnumber=1102177 http://ieeexplore.ieee.org/document/1102177/},
    isbn = {0018-9286},
    doi = {10.1109/TAC.1979.1102177},
    issn = {0018-9286},
    pmid = {1102177}
}

@inproceedings{Breivik2013AnTesting,
    title = {{An ATR architecture for algorithm development and testing}},
    year = {2013},
    booktitle = {Proceedings of SPIE - The International Society for Optical Engineering},
    author = {Breivik, G.M. and L{\o}kken, K.H. and Brattli, A. and Palm, H.C. and Haavardsholm, T.},
    number = {},
    volume = {8744},
    isbn = {9780819495358},
    doi = {10.1117/12.2015369},
    issn = {0277786X},
    keywords = {Algorithm development, Image processing, Parallel processing, Segmentation, System architecture}
}

@article{Nister2004AnProblem,
    title = {{An efficient solution to the five-point relative pose problem}},
    year = {2004},
    journal = {IEEE Transactions on Pattern Analysis and Machine Intelligence},
    author = {Nister, D.},
    number = {6},
    month = {6},
    pages = {756--770},
    volume = {26},
    url = {http://ieeexplore.ieee.org/document/1288525/},
    doi = {10.1109/TPAMI.2004.17},
    issn = {0162-8828},
    keywords = {Camera calibration, Ego-motion estimation, Imaging geometry, Motion, Relative orientation, Scene reconstruction, Structure from motion}
}

@article{Elmenreich2002AnFusion,
    title = {{An introduction to sensor fusion}},
    year = {2002},
    journal = {Austria: Vienna University Of Technology},
    author = {Elmenreich, Wilfried},
    number = {February},
    pages = {1--28},
    url = {http://www.vmars.tuwien.ac.at/documents/intern/805/elmenreich_sensorfusionintro.pdf},
    issn = {0952-813X},
    keywords = {fusion model, inference, information fusion, kalman filter, occupancy grids, sensor fusion, terminology}
}

@book{Ma2004AnVision,
    title = {{An Invitation to 3-D Vision}},
    year = {2004},
    author = {Ma, Yi and Soatto, Stefano and Ko{\v{s}}eck{\'{a}}, Jana and Sastry, S. Shankar},
    series = {Interdisciplinary Applied Mathematics},
    volume = {26},
    publisher = {Springer New York},
    address = {New York, NY},
    isbn = {978-1-4419-1846-8},
    doi = {10.1007/978-0-387-21779-6},
    issn = {00903752},
    pmid = {1235233}
}

@article{Skauli2012AnImaging,
    title = {{An upper-bound metric for characterizing spectral and spatial coregistration errors in spectral imaging}},
    year = {2012},
    journal = {Optics Express},
    author = {Skauli, Torbjørn},
    number = {2},
    pages = {918--933},
    volume = {20},
    doi = {10.1364/oe.20.000918}
}

@article{Ringaby2014AnisotropicRectification,
    title = {{Anisotropic scattered data interpolation for pushbroom image rectification}},
    year = {2014},
    journal = {IEEE Transactions on Image Processing},
    author = {Ringaby, E. and Friman, O. and Forss{\'{e}}n, P.-E. and Opsahl, T.O. and Haavardsholm, T.V. and K{\aa}sen, I.},
    number = {5},
    volume = {23},
    doi = {10.1109/TIP.2014.2316377},
    issn = {10577149},
    keywords = {Pushbroom, anisotropic, hyperspectral, interpolation, rectification, scattered data}
}

@misc{Apelsvoll,
    title = {{Apelsvoll}},
    url = {https://www.nibio.no/en/about-eng/addresses/eastern-norway/apelsvoll}
}

@article{Rivera-Rubio2015Appearance-basedPerformance,
    title = {{Appearance-based indoor localization: A comparison of patch descriptor performance}},
    year = {2015},
    journal = {Pattern Recognition Letters},
    author = {Rivera-Rubio, Jose and Alexiou, Ioannis and Bharath, Anil A.},
    pages = {109--117},
    volume = {66},
    publisher = {Elsevier Ltd.},
    url = {http://dx.doi.org/10.1016/j.patrec.2015.03.003},
    isbn = {0167-8655},
    doi = {10.1016/j.patrec.2015.03.003},
    issn = {01678655},
    arxivId = {arXiv:1503.03514v1},
    keywords = {Assistive devices, Descriptors, Human-computer interaction, Visual localization}
}

@article{Lopez-Antequera2017Appearance-invariantNetwork,
    title = {{Appearance-invariant place recognition by discriminatively training a convolutional neural network}},
    year = {2017},
    journal = {Pattern Recognition Letters},
    author = {Lopez-Antequera, Manuel and Gomez-Ojeda, Ruben and Petkov, Nicolai and Gonzalez-Jimenez, Javier},
    pages = {89--95},
    volume = {92},
    isbn = {0000000000},
    doi = {10.1016/j.patrec.2017.04.017},
    issn = {01678655},
    keywords = {Convolutional neural networks, Place recognition, Robotics}
}

@article{Cummins2011Appearance-only2.0,
    title = {{Appearance-only SLAM at large scale with FAB-MAP 2.0}},
    year = {2011},
    journal = {The International Journal of Robotics Research},
    author = {Cummins, Mark and Newman, Paul},
    number = {9},
    month = {8},
    pages = {1100--1123},
    volume = {30},
    url = {http://journals.sagepub.com/doi/10.1177/0278364910385483},
    doi = {10.1177/0278364910385483},
    keywords = {FAB-MAP, Robotics, SLAM, appearance-based navigation}
}

@inproceedings{Haavardsholm2010ArchitectureSystem,
    title = {{Architecture of the real-time target detection processing in an airborne hyperspectral demonstrator system}},
    year = {2010},
    booktitle = {2nd Workshop on Hyperspectral Image and Signal Processing: Evolution in Remote Sensing, WHISPERS 2010 - Workshop Program},
    author = {Haavardsholm, T.V. and Arisholm, G. and Kavara, A. and Skauli, T.},
    number = {},
    volume = {},
    isbn = {9781424489077},
    doi = {10.1109/WHISPERS.2010.5594940},
    keywords = {GPU, Hyperspectral, Mixture models, Real-time, Target detection}
}

@article{Keivan2016AsynchronousSLAM,
    title = {{Asynchronous adaptive conditioning for visual-inertial SLAM}},
    year = {2016},
    journal = {Springer Tracts in Advanced Robotics},
    author = {Keivan, Nima and Patron-Perez, Alonso and Sibley, Gabe},
    url = {http://www.mendeley.com/research/asynchronous-adaptive-conditioning-visualinertial-slam},
    doi = {10.1007/978-3-319-23778-7{\_}21}
}

@article{Laiacker2015AutomaticLocalization,
    title = {{Automatic aerial retrieval of a mobile robot using optical target tracking and localization}},
    year = {2015},
    journal = {IEEE Aerospace Conference Proceedings},
    author = {Laiacker, Maximilian and Schwarzbach, Marc and Kondak, Konstantin},
    url = {http://www.mendeley.com/research/automatic-aerial-retrieval-mobile-robot-using-optical-target-tracking-localization},
    doi = {10.1109/AERO.2015.7118992}
}

@inproceedings{Guindel2018AutomaticSetups,
    title = {{Automatic extrinsic calibration for lidar-stereo vehicle sensor setups}},
    year = {2018},
    booktitle = {IEEE Conference on Intelligent Transportation Systems, Proceedings, ITSC},
    author = {Guindel, Carlos and Beltran, Jorge and Martin, David and Garcia, Fernando},
    month = {3},
    pages = {1--6},
    volume = {2018-March},
    publisher = {Institute of Electrical and Electronics Engineers Inc.},
    isbn = {9781538615256},
    doi = {10.1109/ITSC.2017.8317829},
    arxivId = {1705.04085}
}

@inproceedings{Vaida2019AutomaticImages,
    title = {{Automatic Extrinsic Calibration of LIDAR and Monocular Camera Images}},
    year = {2019},
    booktitle = {Proceedings - 2019 IEEE 15th International Conference on Intelligent Computer Communication and Processing, ICCP 2019},
    author = {Vaida, Albert Szabolcs and Nedevschi, Sergiu},
    month = {9},
    pages = {117--124},
    publisher = {Institute of Electrical and Electronics Engineers Inc.},
    isbn = {9781728149141},
    doi = {10.1109/ICCP48234.2019.8959801}
}

@article{Heng2014AutonomousVehicle,
    title = {{Autonomous visual mapping and exploration with a micro aerial vehicle}},
    year = {2014},
    journal = {Journal of Field Robotics},
    author = {Heng, Lionel and Honegger, Dominik and Lee, Gim Hee and Meier, Lorenz and Tanskanen, Petri and Fraundorfer, Friedrich and Pollefeys, Marc},
    url = {http://www.mendeley.com/research/autonomous-visual-mapping-exploration-micro-aerial-vehicle},
    doi = {10.1002/rob.21520}
}

@inproceedings{Kasen2008BandAlgorithm,
    title = {{Band selection for hyperspectral target detection based on a multinormal mixture anomaly detection algorithm}},
    year = {2008},
    booktitle = {Proceedings of SPIE - The International Society for Optical Engineering},
    author = {K{\aa}sen, I. and R{\o}dningsby, A. and Haavardsholm, T.V. and Skauli, T.},
    number = {},
    volume = {6966},
    isbn = {9780819471574},
    doi = {10.1117/12.777758},
    issn = {0277786X},
    keywords = {Anomaly detection, Band selection, Gaussian mixture model, Hyperspectral imaging, Multivariate normal mixture model, Target detection}
}

@inproceedings{Zhang2016BenefitOdometry,
    title = {{Benefit of large field-of-view cameras for visual odometry}},
    year = {2016},
    booktitle = {Proceedings - IEEE International Conference on Robotics and Automation},
    author = {Zhang, Zichao and Rebecq, Henri and Forster, Christian and Scaramuzza, Davide and {Zichao Zhang} and Rebecq, Henri and Forster, Christian and Scaramuzza, Davide},
    month = {5},
    pages = {801--808},
    volume = {2016-June},
    publisher = {IEEE},
    url = {http://ieeexplore.ieee.org/document/7487210/},
    isbn = {9781467380263},
    doi = {10.1109/ICRA.2016.7487210},
    issn = {10504729}
}

@article{Arsigny2006Bi-invariant.,
    title = {{Bi-invariant Means in Lie Groups. Application to Left-invariant Polyaffine Transformations .}},
    year = {2006},
    journal = {Notes},
    author = {Arsigny, Vincent and Pennec, Xavier and Ayache, Nicholas},
    pages = {52}
}

@inproceedings{Paton2016BridgingRepeat,
    title = {{Bridging the appearance gap: Multi-experience localization for long-term visual teach and repeat}},
    year = {2016},
    booktitle = {2016 IEEE/RSJ International Conference on Intelligent Robots and Systems (IROS)},
    author = {Paton, Michael and MacTavish, Kirk and Warren, Michael and Barfoot, Timothy D.},
    month = {10},
    pages = {1918--1925},
    publisher = {IEEE},
    url = {http://www.mendeley.com/research/bridging-appearance-gap-multiexperience-localization-longterm-visual-teach-repeat http://ieeexplore.ieee.org/document/7759303/},
    isbn = {978-1-5090-3762-9},
    doi = {10.1109/IROS.2016.7759303}
}

@inproceedings{Triggs2000BundleSynthesis,
    title = {{Bundle Adjustment — A Modern Synthesis}},
    year = {2000},
    booktitle = {ICCV '99: Proceedings of the International Workshop on Vision Algorithms},
    author = {Triggs, Bill and McLauchlan, Philip F and Hartley, Richard I and Fitzgibbon, Andrew W},
    pages = {298--372},
    isbn = {3-540-67973-1},
    doi = {10.1007/3-540-44480-7{\_}21}
}

@inproceedings{Torkildsen2014CharacterizationPlane,
    title = {{Characterization of a compact 6-band multifunctional camera based on patterned spectral filters in the focal plane}},
    year = {2014},
    booktitle = {Proceedings of SPIE - The International Society for Optical Engineering},
    author = {Torkildsen, H.E. and Hovland, H. and Opsahl, T. and Haavardsholm, T.V. and Nicolas, S. and Skauli, T.},
    number = {},
    volume = {9088},
    isbn = {9781628410259},
    doi = {10.1117/12.2054477},
    issn = {1996756X},
    keywords = {Coregistration, Georeferencing, Hyperspectral imaging, Misregistration, Multiband filters, Multispectral imaging}
}

@article{Mangelson2020CharacterizingAlgebra,
    title = {{Characterizing the Uncertainty of Jointly Distributed Poses in the Lie Algebra}},
    year = {2020},
    journal = {IEEE Transactions on Robotics},
    author = {Mangelson, Joshua G. and Ghaffari, Maani and Vasudevan, Ram and Eustice, Ryan M.},
    number = {5},
    month = {10},
    pages = {1371--1388},
    volume = {36},
    url = {https://ieeexplore.ieee.org/document/9124716/},
    doi = {10.1109/TRO.2020.2994457},
    issn = {1552-3098},
    arxivId = {1906.07795},
    keywords = {Lie algebra, Lie group, Matrix groups, Mobile robotics, Rigid body transformation, SLAM, State estimation, Uncertainty propagation}
}

@inproceedings{Scott2016ChoosingSystems,
    title = {{Choosing a time and place for calibration of lidar-camera systems}},
    year = {2016},
    booktitle = {Proceedings - IEEE International Conference on Robotics and Automation},
    author = {Scott, Terry and Morye, Akshay A. and Pinies, Pedro and Paz, Lina M. and Posner, Ingmar and Newman, Paul},
    isbn = {9781467380263},
    doi = {10.1109/ICRA.2016.7487634},
    issn = {10504729}
}

@article{Bhn2017ClutterLearning,
    title = {{Clutter Reduction and Target Detection in Maritime Radars using Machine Learning}},
    year = {2017},
    author = {B{\o}hn, Eivind Eigil}
}

@inproceedings{Morrison2017CollaborativePersonnel,
    title = {{Collaborative indoor navigation for emergency services personnel}},
    year = {2017},
    booktitle = {IEEE Aerospace Conference Proceedings},
    author = {Morrison, A. and Sokolova, N. and Haavardsholm, T.V. and Hagen, O.K. and Opsahl, T.O. and {\AA}nonsen, K.B. and Kapteinl{\o}ytnant, E.H.},
    number = {},
    volume = {},
    isbn = {9781509016136},
    doi = {10.1109/AERO.2017.7943729},
    issn = {1095323X}
}

@inproceedings{Kaslin2016CollaborativeMaps,
    title = {{Collaborative localization of aerial and ground robots through elevation maps}},
    year = {2016},
    booktitle = {2016 IEEE International Symposium on Safety, Security, and Rescue Robotics (SSRR)},
    author = {Kaslin, Roman and Fankhauser, Peter and Stumm, Elena and Taylor, Zachary and Mueggler, Elias and Delmerico, Jeffrey and Scaramuzza, Davide and Siegwart, Roland and Hutter, Marco},
    month = {10},
    pages = {284--290},
    publisher = {IEEE},
    url = {http://ieeexplore.ieee.org/document/7784317/},
    isbn = {9781509043491},
    doi = {10.1109/SSRR.2016.7784317}
}

@inproceedings{Fankhauser2016CollaborativeRobots,
    title = {{Collaborative navigation for flying and walking robots}},
    year = {2016},
    booktitle = {2016 IEEE/RSJ International Conference on Intelligent Robots and Systems (IROS)},
    author = {Fankhauser, Peter and Bloesch, Michael and Krusi, Philipp and Diethelm, Remo and Wermelinger, Martin and Schneider, Thomas and Dymczyk, Marcin and Hutter, Marco and Siegwart, Roland},
    month = {10},
    pages = {2859--2866},
    publisher = {IEEE},
    url = {http://ieeexplore.ieee.org/document/7759443/},
    isbn = {978-1-5090-3762-9},
    doi = {10.1109/IROS.2016.7759443},
    issn = {2153-0866},
    keywords = {Cameras, Collaboration, Legged locomotion, Navigation, Robot vision systems, SLAM (robots), cameras, collaborative navigation, elevation map, global path planning, helicopters, hexacopter, legged locomotion, legged state estimation, navigation, onboard laser range sensor, onboard monocular camera, path planning, quadrupedal robot, robot flying, robot vision, robot walking, sensors, simultaneous localization and mapping, state estimation}
}

@article{Skauli2014CompactFilters,
    title = {{Compact camera for multispectral and conventional imaging based on patterned filters}},
    year = {2014},
    journal = {Applied Optics},
    author = {Skauli, T. and Torkildsen, H.E. and Nicolas, S. and Opsahl, T. and Haavardsholm, T. and Ka˚sen, I. and Rognmo, A.},
    number = {13},
    pages = {C64-C71},
    volume = {53},
    doi = {10.1364/AO.53.000C64},
    issn = {21553165}
}

@inproceedings{Torkildsen2016CompactUAVs,
    title = {{Compact multispectral multi-camera imaging system for small UAVs}},
    year = {2016},
    booktitle = {Proceedings of SPIE - The International Society for Optical Engineering},
    author = {Torkildsen, H.E. and Haavardsholm, T. and Opsahl, T. and Datta, U. and Skaugen, A. and Skauli, T.},
    pages = {491--498},
    volume = {9840},
    isbn = {9781510600812},
    doi = {10.1117/12.2224495},
    issn = {1996756X},
    keywords = {Drone, Filter array, Multispectral imaging, Remote sensing, Target detection, UAV}
}

@inproceedings{Haavardsholm2016CompactUAVs,
    title = {{Compact Multispectral Wide Field Imaging System for Small UAVs}},
    year = {2016},
    booktitle = {STO-MP-IST-127: Intelligence and Autonomy In Robotics},
    author = {Haavardsholm, Trym Vegard and Opsahl, Thomas and Torkildsen, Hans Erling and Skauli, Torbjørn},
    publisher = {STO},
    doi = {10.14339/STO-MP-IST-127}
}

@inproceedings{Bai2017Control-enabledOdometry,
    title = {{Control-enabled observability in visual-inertial odometry}},
    year = {2017},
    booktitle = {2017 International Conference on Unmanned Aircraft Systems, ICUAS 2017},
    author = {Bai, He and Taylor, Clark N.},
    isbn = {9781509044948},
    doi = {10.1109/ICUAS.2017.7991364}
}

@misc{Lecun2015DeepLearning,
    title = {{Deep learning}},
    year = {2015},
    booktitle = {Nature},
    author = {Lecun, Yann and Bengio, Yoshua and Hinton, Geoffrey},
    doi = {10.1038/nature14539},
    issn = {14764687},
    pmid = {26017442}
}

@article{Bengio2021DeepAI,
    title = {{Deep learning for AI}},
    year = {2021},
    journal = {Communications of the ACM},
    author = {Bengio, Yoshua and Lecun, Yann and Hinton, Geoffrey},
    number = {7},
    pages = {58--65},
    volume = {64},
    doi = {10.1145/3448250},
    issn = {15577317}
}

@article{He2015DelvingClassification,
    title = {{Delving deep into rectifiers: Surpassing human-level performance on imagenet classification}},
    year = {2015},
    journal = {Proceedings of the IEEE International Conference on Computer Vision},
    author = {He, Kaiming and Zhang, Xiangyu and Ren, Shaoqing and Sun, Jian},
    pages = {1026--1034},
    volume = {2015 Inter},
    isbn = {9781467383912},
    doi = {10.1109/ICCV.2015.123},
    issn = {15505499},
    pmid = {7410480},
    arxivId = {1502.01852}
}

@article{Omari2015DenseRobots,
    title = {{Dense visual-inertial navigation system for mobile robots}},
    year = {2015},
    journal = {Proceedings - IEEE International Conference on Robotics and Automation},
    author = {Omari, Sammy and Bloesch, Michael and Gohl, Pascal and Siegwart, Roland},
    url = {http://www.mendeley.com/research/dense-visualinertial-navigation-system-mobile-robots},
    doi = {10.1109/ICRA.2015.7139554}
}

@inproceedings{Renhorn2012DetectionSensors,
    title = {{Detection in urban scenario using combined airborne imaging sensors}},
    year = {2012},
    booktitle = {Proceedings of SPIE - The International Society for Optical Engineering},
    author = {Renhorn, I. and Axelsson, M. and Benoist, K. and Bourghys, D. and Boucher, Y. and Briottet, X. and De Ceglie, S. and Dekker, R. and Dimmeler, A. and Dost, R. and Friman, O. and K{\aa}sen, I. and Maerker, J. and Van Persie, M. and Resta, S. and Schwering, P. and Shimoni, M. and Haavardsholm, T.V.},
    number = {},
    volume = {8353},
    isbn = {9780819490315},
    doi = {10.1117/12.921473},
    issn = {1996756X},
    keywords = {classification, detection, high resolution imagery, hyperspectral, imagery, sensor fusion, tracking}
}

@inproceedings{Resta2011DetectionAreas,
    title = {{Detection of small changes in airborne hyperspectral imagery: Experimental results over urban areas}},
    year = {2011},
    booktitle = {2011 6th International Workshop on the Analysis of Multi-Temporal Remote Sensing Images, Multi-Temp 2011 - Proceedings},
    author = {Resta, S. and Acito, N. and Diani, M. and Corsini, G. and Opsahl, T. and Haavardsholm, T.V.},
    number = {},
    volume = {},
    isbn = {9781457712036},
    doi = {10.1109/Multi-Temp.2011.6005033},
    keywords = {Change Detection, Hyperspectral Imagery, Urban area}
}

@article{DeSilva2012DevelopmentSystems,
    title = {{Development of a relative localization scheme for ground-aerial multi-robot systems}},
    year = {2012},
    journal = {IEEE International Conference on Intelligent Robots and Systems},
    author = {De Silva, Oscar and Mann, George K I and Gosine, Raymond G.},
    url = {http://www.mendeley.com/research/development-relative-localization-scheme-groundaerial-multirobot-systems},
    doi = {10.1109/IROS.2012.6386015}
}

@inproceedings{Yang2017DirectLines,
    title = {{Direct monocular odometry using points and lines}},
    year = {2017},
    booktitle = {2017 IEEE International Conference on Robotics and Automation (ICRA)},
    author = {Yang, Shichao and Scherer, Sebastian},
    month = {5},
    pages = {3871--3877},
    publisher = {IEEE},
    url = {http://www.mendeley.com/research/direct-monocular-odometry-using-points-lines http://ieeexplore.ieee.org/document/7989446/},
    isbn = {978-1-5090-4633-1},
    doi = {10.1109/ICRA.2017.7989446}
}

@article{Eckenhoff2017DirectPreintegration,
    title = {{Direct visual-inertial navigation with analytical preintegration}},
    year = {2017},
    journal = {Proceedings - IEEE International Conference on Robotics and Automation},
    author = {Eckenhoff, Kevin and Geneva, Patrick and Huang, Guoquan},
    url = {http://www.mendeley.com/research/direct-visualinertial-navigation-analytical-preintegration},
    doi = {10.1109/ICRA.2017.7989171}
}

@inproceedings{Usenko2016DirectCameras,
    title = {{Direct visual-inertial odometry with stereo cameras}},
    year = {2016},
    booktitle = {2016 IEEE International Conference on Robotics and Automation (ICRA)},
    author = {Usenko, Vladyslav and Engel, Jakob and Stuckler, Jorg and Cremers, Daniel},
    month = {5},
    pages = {1885--1892},
    publisher = {IEEE},
    url = {http://www.mendeley.com/research/direct-visualinertial-odometry-stereo-cameras http://ieeexplore.ieee.org/document/7487335/},
    isbn = {978-1-4673-8026-3},
    doi = {10.1109/ICRA.2016.7487335}
}

@article{Strasdat2011DoubleSLAM,
    title = {{Double window optimisation for constant time visual SLAM}},
    year = {2011},
    journal = {Proceedings of the IEEE International Conference on Computer Vision},
    author = {Strasdat, Hauke and Davison, Andrew J. and Montiel, J. M.M. and Konolige, Kurt},
    pages = {2352--2359},
    isbn = {9781457711015},
    doi = {10.1109/ICCV.2011.6126517},
    issn = {1550-5499},
    arxivId = {1701.08237}
}

@inproceedings{Newcombe2011DTAM:Real-time,
    title = {{DTAM: Dense tracking and mapping in real-time}},
    year = {2011},
    booktitle = {2011 International Conference on Computer Vision},
    author = {Newcombe, Richard A. and Lovegrove, Steven J. and Davison, Andrew J.},
    month = {11},
    pages = {2320--2327},
    publisher = {IEEE},
    isbn = {978-1-4577-1102-2},
    doi = {10.1109/ICCV.2011.6126513},
    issn = {1550-5499},
    pmid = {6126513}
}

@article{Klose2013EfficientData,
    title = {{Efficient compositional approaches for real-time robust direct visual odometry from RGB-D data}},
    year = {2013},
    journal = {IEEE International Conference on Intelligent Robots and Systems},
    author = {Klose, Sebastian and Heise, Philipp and Knoll, Alois},
    pages = {1100--1106},
    isbn = {9781467363587},
    doi = {10.1109/IROS.2013.6696487},
    issn = {21530858}
}

@inproceedings{Oliveira2016EfficientSegmentation,
    title = {{Efficient deep models for monocular road segmentation}},
    year = {2016},
    booktitle = {2016 IEEE/RSJ International Conference on Intelligent Robots and Systems (IROS)},
    author = {Oliveira, G L and Burgard, W and Brox, T},
    pages = {4885--4891},
    doi = {10.1109/IROS.2016.7759717},
    issn = {2153-0866},
    keywords = {CNN, Computer architecture, Image segmentation, RGB image, Roads, Robots, Runtime, Semantics, Training, convolution, convolutional neural network, deep model, image segmentation, intelligent transportation system, intelligent transportation systems, neural nets, road scene segmentation, semantic segmentation}
}

@article{Pajdla2013ElementsVision,
    title = {{Elements of Geometry for Computer Vision}},
    year = {2013},
    author = {Pajdla, Tomas},
    pages = {113},
    url = {https://cw.felk.cvut.cz/courses/GVG/2013/Lecture/GVG-2013-Lecture.pdf%5Cnhttp://cmp.felk.cvut.cz/~pajdla/}
}

@inproceedings{Carlone2014EliminatingFactors,
    title = {{Eliminating conditionally independent sets in factor graphs: A unifying perspective based on smart factors}},
    year = {2014},
    booktitle = {Proceedings - IEEE International Conference on Robotics and Automation},
    author = {Carlone, Luca and Kira, Zsolt and Beall, Chris and Indelman, Vadim and Dellaert, Frank},
    pages = {4290--4297},
    isbn = {978-1-4799-3685-4},
    doi = {10.1109/ICRA.2014.6907483},
    issn = {10504729}
}

@inproceedings{Zhang2017EnablingReal-time,
    title = {{Enabling aggressive motion estimation at low-drift and accurate mapping in real-time}},
    year = {2017},
    booktitle = {Proceedings - IEEE International Conference on Robotics and Automation},
    author = {Zhang, Ji and Singh, Sanjiv},
    isbn = {9781509046331},
    doi = {10.1109/ICRA.2017.7989589},
    issn = {10504729}
}

@article{Lepetit2009EPnP:Problem,
    title = {{EPnP: An accurate O(n) solution to the PnP problem}},
    year = {2009},
    journal = {International Journal of Computer Vision},
    author = {Lepetit, Vincent and Moreno-Noguer, Francesc and Fua, Pascal},
    number = {2},
    pages = {155--166},
    volume = {81},
    isbn = {978-1-4244-1630-1},
    doi = {10.1007/s11263-008-0152-6},
    issn = {09205691},
    pmid = {25246403},
    arxivId = {arXiv:1011.1669v3},
    keywords = {Absolute orientation, Perspective-n-Point, Pose estimation}
}

@inproceedings{Opsahl2013EstimatingScheme,
    title = {{Estimating the pixel footprint distribution for image fusion by ray tracing lines of sight in a Monte Carlo scheme}},
    year = {2013},
    booktitle = {Proceedings of SPIE - The International Society for Optical Engineering},
    author = {Opsahl, T. and Haavardsholm, T. V.},
    editor = {Shen, Sylvia S. and Lewis, Paul E.},
    month = {5},
    pages = {87431U},
    volume = {8743},
    url = {http://proceedings.spiedigitallibrary.org/proceeding.aspx?doi=10.1117/12.2015746},
    isbn = {9780819495341},
    doi = {10.1117/12.2015746},
    issn = {0277786X},
    keywords = {Fusion, Georeferencing, Hyperspectral, Ray tracing}
}

@inproceedings{Jonsson2009EvaluationTrial,
    title = {{Evaluation of biological aerosol stand-off detection at a field trial}},
    year = {2009},
    booktitle = {Proceedings of SPIE - The International Society for Optical Engineering},
    author = {Jonsson, P. and Elmqvist, M. and Gustafsson, O. and Kullander, F. and Persson, R. and Olofsson, G. and Tj{\"{a}}rnhage, T. and Farsund, O. and Haavardsholm, T.V. and Rustad, G.},
    number = {},
    volume = {7484},
    isbn = {9780819477903},
    doi = {10.1117/12.830401},
    issn = {0277786X},
    keywords = {Biological detection, Biological warfare agent, Elastic backscattering, Laser induced fluorescence, Spectral analysis, Stand-off detection}
}

@article{Paton2017ExpandingAutonomy,
    title = {{Expanding the Limits of Vision-based Localization for Long-term Route-following Autonomy}},
    year = {2017},
    journal = {Journal of Field Robotics},
    author = {Paton, Michael and Pomerleau, François and MacTavish, Kirk and Ostafew, Chris J. and Barfoot, Timothy D.},
    number = {1},
    month = {1},
    pages = {98--122},
    volume = {34},
    url = {http://doi.wiley.com/10.1002/rob.21669},
    isbn = {9783902661623},
    doi = {10.1002/rob.21669},
    issn = {15564959},
    pmid = {22164016},
    arxivId = {10.1.1.91.5767}
}

@article{Churchill2013Experience-basedLocalisation,
    title = {{Experience-based navigation for long-term localisation}},
    year = {2013},
    journal = {The International Journal of Robotics Research},
    author = {Churchill, Winston and Newman, Paul},
    number = {14},
    month = {12},
    pages = {1645--1661},
    volume = {32},
    url = {http://journals.sagepub.com/doi/10.1177/0278364913499193},
    isbn = {0278-3649},
    doi = {10.1177/0278364913499193},
    issn = {0278-3649}
}

@inproceedings{Palm2013ExtractionImagery,
    title = {{Extraction and classification of vehicles in LADAR imagery}},
    year = {2013},
    booktitle = {Proceedings of SPIE - The International Society for Optical Engineering},
    author = {Palm, H.C. and Haavardsholm, T.V. and Ajer, H. and Jensen, C.V.},
    number = {},
    volume = {8731},
    isbn = {9780819495228},
    doi = {10.1117/12.2015363},
    issn = {0277786X},
    keywords = {Classification, Clutter rejection, Detection, Ladar, Outlier rejection, Segmentation}
}

@inproceedings{Paul2010FAB-MAPAppearance,
    title = {{FAB-MAP 3D: Topological mapping with spatial and visual appearance}},
    year = {2010},
    booktitle = {2010 IEEE International Conference on Robotics and Automation},
    author = {Paul, Rohan and Newman, Paul},
    month = {5},
    pages = {2649--2656},
    publisher = {IEEE},
    url = {http://ieeexplore.ieee.org/document/5509587/},
    isbn = {978-1-4244-5038-1},
    doi = {10.1109/ROBOT.2010.5509587},
    issn = {10504729}
}

@article{Cummins2008FAB-MAP:Appearance,
    title = {{FAB-MAP: Probabilistic Localization and Mapping in the Space of Appearance}},
    year = {2008},
    journal = {The International Journal of Robotics Research},
    author = {Cummins, Mark and Newman, Paul},
    number = {6},
    month = {6},
    pages = {647--665},
    volume = {27},
    url = {http://journals.sagepub.com/doi/10.1177/0278364908090961},
    isbn = {0278364908090},
    doi = {10.1177/0278364908090961},
    issn = {0278-3649}
}

@article{Dellaert2012FactorIntroduction,
    title = {{Factor Graphs and GTSAM: A Hands-on Introduction}},
    year = {2012},
    author = {Dellaert, Frank},
    number = {September},
    pages = {1--27},
    url = {https://research.cc.gatech.edu/borg/sites/edu.borg/files/downloads/gtsam.pdf}
}

@inproceedings{Pascoe2015FARLAP:Priors,
    title = {{FARLAP: Fast robust localisation using appearance priors}},
    year = {2015},
    booktitle = {2015 IEEE International Conference on Robotics and Automation (ICRA)},
    author = {Pascoe, Geoffrey and Maddern, Will and Stewart, Alexander D. and Newman, Paul},
    number = {June},
    pages = {6366--6373},
    volume = {2015-June},
    publisher = {IEEE},
    url = {http://ieeexplore.ieee.org/document/7140093/},
    isbn = {978-1-4799-6923-4},
    doi = {10.1109/ICRA.2015.7140093},
    issn = {10504729}
}

@article{Abeywardena2016FastVehicles,
    title = {{Fast, on-board, model-aided visual-inertial odometry system for quadrotor micro aerial vehicles}},
    year = {2016},
    journal = {Proceedings - IEEE International Conference on Robotics and Automation},
    author = {Abeywardena, Dinuka and Huang, Shoudong and Barnes, Ben and Dissanayake, Gamini and Kodagoda, Sarath},
    url = {http://www.mendeley.com/research/fast-onboard-modelaided-visualinertial-odometry-system-quadrotor-micro-aerial-vehicles},
    doi = {10.1109/ICRA.2016.7487290}
}

@article{Rosten2010FasterDetection,
    title = {{Faster and better: A machine learning approach to corner detection}},
    year = {2010},
    journal = {IEEE Transactions on Pattern Analysis and Machine Intelligence},
    author = {Rosten, Edward and Porter, Reid and Drummond, Tom},
    isbn = {0162-8828},
    doi = {10.1109/TPAMI.2008.275},
    issn = {01628828},
    pmid = {19926902},
    arxivId = {0810.2434v1},
    keywords = {Corner detection, Feature detection}
}

@article{Ren2017FasterNetworks,
    title = {{Faster R-CNN: Towards Real-Time Object Detection with Region Proposal Networks}},
    year = {2017},
    journal = {IEEE Transactions on Pattern Analysis and Machine Intelligence},
    author = {Ren, Shaoqing and He, Kaiming and Girshick, Ross and Sun, Jian},
    number = {6},
    volume = {39},
    isbn = {0162-8828 VO - PP},
    doi = {10.1109/TPAMI.2016.2577031},
    issn = {01628828},
    pmid = {27295650},
    arxivId = {1506.01497}
}

@article{Konolige2008FrameSLAM:Mapping,
    title = {{FrameSLAM: From Bundle Adjustment to Real-Time Visual Mapping}},
    year = {2008},
    journal = {IEEE Transactions on Robotics},
    author = {Konolige, Kurt and Agrawal, Motilal},
    number = {5},
    month = {10},
    pages = {1066--1077},
    volume = {24},
    url = {http://ieeexplore.ieee.org/document/4648456/},
    isbn = {1552-3098},
    doi = {10.1109/TRO.2008.2004832},
    issn = {1552-3098},
    keywords = {Visual SLAM, Visual mapping, Visual odometry}
}

@article{Shelhamer2017FullySegmentation,
    title = {{Fully Convolutional Networks for Semantic Segmentation}},
    year = {2017},
    journal = {IEEE Transactions on Pattern Analysis and Machine Intelligence},
    author = {Shelhamer, E and Long, J and Darrell, T},
    number = {4},
    month = {4},
    pages = {640--651},
    volume = {39},
    doi = {10.1109/TPAMI.2016.2572683},
    issn = {0162-8828},
    keywords = {Computer architecture, Convolution, Convolutional Networks, Deep Learning, Fuses, Image segmentation, NYUDv2, PASCAL VOC, PASCAL-Context, Proposals, SIFT Flow, Semantic Segmentation, Semantics, Training, Transfer Learning, coarse layer, contemporary classification networks, correspondingly-sized output, feedforward neural nets, fine layer, fully convolutional networks, image classification, image representation, image resolution, image segmentation, learned representations, learning (artificial intelligence), semantic segmentation, spatially dense prediction tasks, transforms, visual models}
}

@inproceedings{Rosten2005FusingTracking,
    title = {{Fusing points and lines for high performance tracking}},
    year = {2005},
    booktitle = {Proceedings of the IEEE International Conference on Computer Vision},
    author = {Rosten, Edward and Drummond, Tom},
    isbn = {076952334X},
    doi = {10.1109/ICCV.2005.104},
    issn = {1550-5499},
    pmid = {26378589}
}

@article{Nutzi2011FusionSLAM,
    title = {{Fusion of IMU and vision for absolute scale estimation in monocular SLAM}},
    year = {2011},
    journal = {Journal of Intelligent and Robotic Systems: Theory and Applications},
    author = {N{\"{u}}tzi, Gabriel and Weiss, Stephan and Scaramuzza, Davide and Siegwart, Roland},
    url = {http://www.mendeley.com/research/fusion-imu-vision-absolute-scale-estimation-monocular-slam},
    doi = {10.1007/s10846-010-9490-z}
}

@article{Kamsvag2017FusionPurposes,
    title = {{Fusion of Lidar and Camera for Collision Avoidance Purposes}},
    year = {2017},
    author = {Kamsv{\aa}g, Vegard},
    number = {December}
}

@article{RainerGOptimization,
    title = {{g 2 o : A General Framework for Graph Optimization}},
    author = {Rainer, K and Grisetti, Giorgio and Konolige, Kurt}
}

@misc{KuemmerleG2oSource,
    title = {{g2o Source}},
    author = {Kuemmerle, Rainer},
    url = {https://github.com/RainerKuemmerle/g2o}
}

@article{Grisetti2017G2o:Optimization,
    title = {{g2o: A general Framework for (Hyper) Graph Optimization}},
    year = {2017},
    author = {Grisetti, Giorgio and K{\"{u}}mmerle, Rainer and Strasdat, Hauke and Konolige, Kurt},
    number = {},
    pages = {},
    volume = {}
}

@inproceedings{Kummerle2011G2o:Optimization,
    title = {{G2o: A general framework for graph optimization}},
    year = {2011},
    booktitle = {Proceedings - IEEE International Conference on Robotics and Automation},
    author = {K{\"{u}}mmerle, Rainer and Grisetti, Giorgio and Strasdat, Hauke and Konolige, Kurt and Burgard, Wolfram},
    pages = {3607--3613},
    isbn = {9781612843865},
    doi = {10.1109/ICRA.2011.5979949},
    issn = {10504729},
    pmid = {5979949}
}

@inproceedings{Lynen2015GetLocalization,
    title = {{Get Out of My Lab: Large-scale, Real-Time Visual-Inertial Localization}},
    year = {2015},
    booktitle = {Robotics: Science and Systems XI},
    author = {Lynen, Simon and Sattler, Torsten and Bosse, Michael and Hesch, Joel and Pollefeys, Marc and Siegwart, Roland},
    isbn = {9780992374716},
    doi = {10.15607/RSS.2015.XI.037},
    issn = {21530866},
    arxivId = {arXiv:1610.05949v1}
}

@article{Hirose2018GONet:Estimation,
    title = {{GONet: A Semi-Supervised Deep Learning Approach For Traversability Estimation}},
    year = {2018},
    author = {Hirose, Noriaki and Sadeghian, Amir and V{\'{a}}zquez, Marynel and Goebel, Patrick and Savarese, Silvio},
    month = {3},
    url = {http://arxiv.org/abs/1803.03254v1},
    arxivId = {1803.03254}
}

@misc{Dellaert2018GTSAMSource,
    title = {{GTSAM 4 Source}},
    year = {2018},
    author = {Dellaert, Frank},
    url = {https://bitbucket.org/gtborg/gtsam/src}
}

@misc{Dong2016GTSAMApplications,
    title = {{GTSAM 4.0 Tutorial Theory, Programming, and Applications}},
    year = {2016},
    author = {Dong, Jing},
    number = {},
    pages = {},
    volume = {}
}

@inproceedings{Skauli2011HyperspectralDetection,
    title = {{Hyperspectral imaging technology and systems, exemplified by airborne real-time target detection}},
    year = {2011},
    author = {Skauli, T. and Haavardsholm, T. and K{\aa}sen, I. and Opsahl, T. and Kavara, A. and Skaugen, A.},
    isbn = {9781557529107},
    issn = {21622701}
}

@inproceedings{Renhorn2013HyperspectralEnvironment,
    title = {{Hyperspectral reconnaissance in urban environment}},
    year = {2013},
    booktitle = {Proceedings of SPIE - The International Society for Optical Engineering},
    author = {Renhorn, I. and Achard, V. and Axelsson, M. and Benoist, K. and Borghys, D. and Briottet, X. and Dekker, R. and Dimmeler, A. and Friman, O. and K{\aa}sen, I. and Matteoli, S. and Lo Moro, M. and Opsahl, T.O. and Van Persie, M. and Resta, S. and Schilling, H. and Schwering, P. and Shimoni, M. and Haavardsholm, T.V. and Viallefont, F.},
    number = {},
    volume = {8704},
    isbn = {9780819494955},
    doi = {10.1117/12.2019348},
    issn = {0277786X},
    keywords = {Atmospheric compensation, Georeferencing, Hyperspectral imaging, Spectral matching, Target detection}
}

@book{Eismann2012HyperspectralSensing,
    title = {{Hyperspectral Remote Sensing}},
    year = {2012},
    author = {Eismann, Michael Theodore},
    publisher = {SPIE Press},
    isbn = {978-0-8194-8787-2}
}

@misc{HySpexV-1240,
    title = {{HySpex Mjolnir V-1240}},
    url = {https://www.hyspex.no/products/mjolnir.php}
}

@article{Maddern2014IlluminationVehicles,
    title = {{Illumination Invariant Imaging: Applications in Robust Vision-based Localisation, Mapping and Classification for Autonomous Vehicles}},
    year = {2014},
    journal = {Proceedings of the Visual Place Recognition in Changing Environments Workshop, IEEE International Conference on Robotics and Automation},
    author = {Maddern, Will and Stewart, Alexander D and McManus, Colin and Upcroft, Ben and Churchill, Winston and Newman, Paul},
    pages = {5},
    url = {http://www.robots.ox.ac.uk/~mobile/Papers/2014ICRA_maddern.pdf%5Cnhttp://mrg.robots.ox.ac.uk/mrg_people/will-maddern/}
}

@article{Szeliski2006ImageTutorial,
    title = {{Image Alignment and Stitching: A Tutorial}},
    year = {2006},
    journal = {Foundations and Trends{\textregistered} in Computer Graphics and Vision},
    author = {Szeliski, Richard and Szeliski, Richard (Microsoft Research, USA)},
    number = {1},
    pages = {1--104},
    volume = {2},
    doi = {10.1561/0600000009},
    issn = {1572-2740}
}

@techreport{Bjerkas2018ImageVehicle,
    title = {{Image Based Navigation and Mapping for an Unmanned Ground Vehicle}},
    year = {2018},
    author = {Bjerk{\aa}s, Fredrik}
}

@article{Huang2020ImprovementsCalibration,
    title = {{Improvements to Target-Based 3D LiDAR to Camera Calibration}},
    year = {2020},
    journal = {IEEE Access},
    author = {Huang, Jiunn Kai and Grizzle, Jessy W.},
    pages = {134101--134110},
    volume = {8},
    publisher = {Institute of Electrical and Electronics Engineers Inc.},
    doi = {10.1109/ACCESS.2020.3010734},
    issn = {21693536},
    arxivId = {1910.03126},
    keywords = {Calibration, LiDAR, camera, camera-LiDAR calibration, computer vision, extrinsic calibration, mapping, robotics, sensor calibration, sensor fusion, simultaneous localization and mapping}
}

@inproceedings{Haavardsholm2012ImprovingShadow,
    title = {{Improving anomaly detection with Multinormal Mixture Models in shadow}},
    year = {2012},
    booktitle = {International Geoscience and Remote Sensing Symposium (IGARSS)},
    author = {Haavardsholm, T. and Kavara, A. and K{\aa}sen, I. and Skauli, T.},
    number = {},
    volume = {},
    doi = {10.1109/IGARSS.2012.6352366},
    keywords = {Anomaly detection, Hyperspectral, Hyperspheric, Multinormal Mixture Model, Shadow}
}

@inproceedings{Forster2015IMUEstimation,
    title = {{IMU Preintegration on Manifold for Efficient Visual-Inertial Maximum-a-Posteriori Estimation}},
    year = {2015},
    booktitle = {Robotics: Science and Systems XI},
    author = {Forster, Christian and Carlone, Luca and Dellaert, Frank and Scaramuzza, Davide},
    url = {http://www.roboticsproceedings.org/rss11/p06.pdf},
    isbn = {9780992374716},
    doi = {10.15607/RSS.2015.XI.006},
    issn = {2330765X},
    arxivId = {1512.02363}
}

@incollection{Paton2016InConditions,
    title = {{In the Dead of Winter: Challenging Vision-Based Path Following in Extreme Conditions}},
    year = {2016},
    booktitle = {Springer Tracts in Advanced Robotics},
    author = {Paton, Michael and Pomerleau, François and Barfoot, Timothy D.},
    pages = {563--576},
    url = {http://www.mendeley.com/research/dead-winter-challenging-visionbased-path-following-extreme-conditions http://link.springer.com/10.1007/978-3-319-27702-8_37},
    doi = {10.1007/978-3-319-27702-8{\_}37}
}

@inproceedings{Larsen2020In-operationTracking,
    title = {{In-operation calibration of clock-bias and intrinsic parameters for pan-tilt-zoom cameras based on keypoint tracking}},
    year = {2020},
    booktitle = {Proceedings of SPIE - The International Society for Optical Engineering},
    author = {Larsen, M.V. and Haavardsholm, T. and Mathiassen, K.},
    number = {},
    volume = {11538},
    isbn = {9781510638891},
    doi = {10.1117/12.2573611},
    issn = {1996756X},
    keywords = {Clock-bias, Factor graph calibration, In-operation calibration, Keypoint tracking calibration, Pan-tilt-zoom camera}
}

@book{Gade2018InertialApplications,
    title = {{Inertial Navigation — Theory and Applications}},
    year = {2018},
    author = {Gade, Kenneth},
    number = {January},
    isbn = {9788232628704}
}

@article{Musicki1994IntegratedAssociation,
    title = {{Integrated probabilistic data association}},
    year = {1994},
    journal = {IEEE Transactions on Automatic Control},
    author = {Musicki, D. and Evans, R. and Stankovic, S.},
    number = {6},
    month = {6},
    pages = {1237--1241},
    volume = {39},
    url = {http://ieeexplore.ieee.org/document/293185/},
    doi = {10.1109/9.293185},
    issn = {00189286}
}

@inproceedings{Grimmett2015IntegratingParking,
    title = {{Integrating metric and semantic maps for vision-only automated parking}},
    year = {2015},
    booktitle = {2015 IEEE International Conference on Robotics and Automation (ICRA)},
    author = {Grimmett, Hugo and Buerki, Mathias and Paz, Lina and Pinies, Pedro and Furgale, Paul and Posner, Ingmar and Newman, Paul},
    number = {June},
    month = {5},
    pages = {2159--2166},
    volume = {2015-June},
    publisher = {IEEE},
    url = {http://ieeexplore.ieee.org/document/7139484/},
    isbn = {978-1-4799-6923-4},
    doi = {10.1109/ICRA.2015.7139484},
    issn = {10504729}
}

@book{Boyd2017IntroductionSquares,
    title = {{Introduction to Applied Linear Algebra: Vectors, Matrices, and Least Squares}},
    year = {2017},
    author = {Boyd, S and Vandenberghe, L},
    pages = {476},
    url = {https://web.stanford.edu/~boyd/vmls/},
    isbn = {978-1-316-51896-0},
    doi = {10.1017/9781108583664}
}

@incollection{Civera2012InverseParametrization,
    title = {{Inverse Depth Parametrization}},
    year = {2012},
    booktitle = {Springer Tracts in Advanced Robotics},
    author = {Civera, Javier and Davison, Andrew J. and Mart{\'{i}}nez Montiel, José María},
    number = {5},
    pages = {33--63},
    volume = {75}
}

@article{Civera2008InverseSLAM,
    title = {{Inverse Depth Parametrization for Monocular SLAM}},
    year = {2008},
    journal = {IEEE Transactions on Robotics},
    author = {Civera, J. and Davison, A.J. and Montiel, J.},
    number = {5},
    pages = {932--945},
    volume = {24}
}

@article{Kaess2012ISAM2:Tree,
    title = {{iSAM2: Incremental smoothing and mapping using the Bayes tree}},
    year = {2012},
    journal = {The International Journal of Robotics Research},
    author = {Kaess, Michael and Johannsson, Hordur and Roberts, Richard and Ila, Viorela and Leonard, John J and Dellaert, Frank},
    number = {2},
    pages = {216--235},
    volume = {31},
    doi = {10.1177/0278364911430419}
}

@article{Kaess2008ISAM:Mapping,
    title = {{iSAM: Incremental Smoothing and Mapping}},
    year = {2008},
    journal = {IEEE Transactions on Robotics},
    author = {Kaess, M. and Ranganathan, A. and Dellaert, F.},
    number = {6},
    month = {12},
    pages = {1365--1378},
    volume = {24},
    url = {http://ieeexplore.ieee.org/document/4682731/},
    doi = {10.1109/TRO.2008.2006706},
    issn = {1552-3098}
}

@inproceedings{Paton2015ItsImages,
    title = {{It's not easy seeing green: Lighting-resistant stereo Visual Teach {\&}amp;amp; Repeat using color-constant images}},
    year = {2015},
    booktitle = {2015 IEEE International Conference on Robotics and Automation (ICRA)},
    author = {Paton, Michael and MacTavish, Kirk and Ostafew, Chris J. and Barfoot, Timothy D.},
    month = {5},
    pages = {1519--1526},
    publisher = {IEEE},
    url = {http://www.mendeley.com/research/not-easy-seeing-green-lightingresistant-stereo-visual-teach-repeat-using-colorconstant-images http://ieeexplore.ieee.org/document/7139391/},
    isbn = {978-1-4799-6923-4},
    doi = {10.1109/ICRA.2015.7139391}
}

@article{Bloesch2017IteratedFeedback,
    title = {{Iterated extended Kalman filter based visual-inertial odometry using direct photometric feedback}},
    year = {2017},
    journal = {International Journal of Robotics Research},
    author = {Bloesch, Michael and Burri, Michael and Omari, Sammy and Hutter, Marco and Siegwart, Roland},
    number = {10},
    pages = {1053--1072},
    volume = {36},
    doi = {10.1177/0278364917728574},
    issn = {17413176},
    keywords = {Visual-inertial odometry, iterated extended Kalman filter, multiple cameras, photometric error, tight information fusion}
}

@misc{2020KalibrRepository,
    title = {{Kalibr repository}},
    year = {2020},
    url = {https://github.com/ethz-asl/kalibr}
}

@article{Leutenegger2015KeyframeOptimization,
    title = {{Keyframe based visual inertial odometry using nonlinear optimization}},
    year = {2015},
    journal = {The International Journal of Robotics Research},
    author = {Leutenegger, Stefan and Lynen, Simon and Bosse, Michael and Siegwart, Roland and Furgale, Paul},
    number = {3},
    pages = {314--334},
    volume = {34},
    url = {http://journals.sagepub.com/doi/10.1177/0278364914554813},
    isbn = {0278-3649},
    doi = {10.1177/0278364914554813},
    issn = {0278-3649}
}

@inproceedings{Hsiao2017Keyframe-basedSLAM,
    title = {{Keyframe-based dense planar SLAM}},
    year = {2017},
    booktitle = {Proceedings - IEEE International Conference on Robotics and Automation},
    author = {Hsiao, Ming and Westman, Eric and Zhang, Guofeng and Kaess, Michael},
    isbn = {9781509046331},
    doi = {10.1109/ICRA.2017.7989597},
    issn = {10504729}
}

@inproceedings{Churchill2015KnowMaps,
    title = {{Know your limits: Embedding localiser performance models in teach and repeat maps}},
    year = {2015},
    booktitle = {2015 IEEE International Conference on Robotics and Automation (ICRA)},
    author = {Churchill, Winston and {Chi Hay Tong} and Gurau, Corina and Posner, Ingmar and Newman, Paul},
    number = {June},
    month = {5},
    pages = {4238--4244},
    volume = {2015-June},
    publisher = {IEEE},
    url = {http://ieeexplore.ieee.org/document/7139783/},
    isbn = {978-1-4799-6923-4},
    doi = {10.1109/ICRA.2015.7139783},
    issn = {10504729}
}

@inproceedings{Caruso2015Large-scaleCameras,
    title = {{Large-scale direct SLAM for omnidirectional cameras}},
    year = {2015},
    booktitle = {IEEE International Conference on Intelligent Robots and Systems},
    author = {Caruso, David and Engel, Jakob and Cremers, Daniel},
    pages = {141--148},
    volume = {2015-Decem},
    isbn = {9781479999941},
    doi = {10.1109/IROS.2015.7353366},
    issn = {21530866},
    pmid = {7353366},
    arxivId = {cs/9605103},
    keywords = {Cameras, Computational modeling, Lenses, Nonlinear distortion, Simultaneous localization and mapping, Three-dimensional displays}
}

@inproceedings{Engel2015Large-scaleCameras,
    title = {{Large-scale direct SLAM with stereo cameras}},
    year = {2015},
    booktitle = {2015 IEEE/RSJ International Conference on Intelligent Robots and Systems (IROS)},
    author = {Engel, Jakob and Stuckler, Jorg and Cremers, Daniel},
    month = {9},
    pages = {1935--1942},
    publisher = {IEEE},
    url = {http://ieeexplore.ieee.org/lpdocs/epic03/wrapper.htm?arnumber=7353631 http://ieeexplore.ieee.org/document/7353631/},
    isbn = {978-1-4799-9994-1},
    doi = {10.1109/IROS.2015.7353631},
    issn = {10769757},
    pmid = {7353366},
    arxivId = {cs/9605103}
}

@article{Eade2013LieTransformations,
    title = {{Lie Groups for 2D and 3D Transformations}},
    year = {2013},
    author = {Eade, Ethan},
    pages = {1--24}
}

@misc{LightCorp.,
    title = {{Light Meter TES-1330A / TES-1332A / TES-1334A |TES Electrical Electronic Corp.}},
    url = {http://www.tes.com.tw/en/product.asp}
}

@article{Krusi2015Lighting-invariantMatching,
    title = {{Lighting-invariant adaptive route following using iterative closest point matching}},
    year = {2015},
    journal = {Journal of Field Robotics},
    author = {Kr{\"{u}}si, Philipp and B{\"{u}}cheler, Bastian and Pomerleau, François and Schwesinger, Ulrich and Siegwart, Roland and Furgale, Paul},
    url = {http://www.mendeley.com/research/lightinginvariant-adaptive-route-following-using-iterative-closest-point-matching},
    doi = {10.1002/rob.21524}
}

@inproceedings{AramM.Mika1990Linear-wedgeSpectrometer,
    title = {{Linear-wedge spectrometer}},
    year = {1990},
    booktitle = {Proc. SPIE 1298, Imaging Spectroscopy of the Terrestrial Environment},
    author = {{Aram M. Mika}},
    pages = {127--131}
}

@inproceedings{Wang2015LostSpaces,
    title = {{Lost Shopping! Monocular Localization in Large Indoor Spaces}},
    year = {2015},
    booktitle = {2015 IEEE International Conference on Computer Vision (ICCV)},
    author = {Wang, Shenlong and Fidler, Sanja and Urtasun, Raquel},
    month = {12},
    pages = {2695--2703},
    publisher = {IEEE},
    url = {http://www.mendeley.com/research/lost-shopping-monocular-localization-large-indoor-spaces http://ieeexplore.ieee.org/document/7410666/},
    isbn = {978-1-4673-8391-2},
    doi = {10.1109/ICCV.2015.309}
}

@inproceedings{Engel2014LSD-SLAM:SLAM,
    title = {{LSD-SLAM: Large-Scale Direct Monocular SLAM}},
    year = {2014},
    booktitle = {European Conference on Computer Vision (ECCV)},
    author = {Engel, Jakob and Sch{\"{o}}ps, Thomas and Cremers, Daniel},
    pages = {834--849},
    series = {Lecture Notes in Computer Science},
    volume = {8690},
    publisher = {Springer International Publishing},
    address = {Cham},
    isbn = {978-3-319-10604-5},
    doi = {10.1007/978-3-319-10605-2}
}

@article{Baker2004Lucas-KanadeFramework,
    title = {{Lucas-Kanade 20 Years On: A Unifying Framework}},
    year = {2004},
    journal = {International Journal of Computer Vision},
    author = {Baker, Simon and Matthews, Iain},
    number = {3},
    month = {2},
    pages = {221--255},
    volume = {56},
    keywords = {A unifying framework, Additive vs. compositional algorithms, Efficiency, Forwards vs. inverse algorithms, Gauss-Newton, Image alignment, Levenberg-Marquardt, Lucas-Kanade, Newton, Steepest descent, The inverse compositional algorithm}
}

@inproceedings{Rosten2006MachineDetection,
    title = {{Machine learning for high-speed corner detection}},
    year = {2006},
    booktitle = {Lecture Notes in Computer Science (including subseries Lecture Notes in Artificial Intelligence and Lecture Notes in Bioinformatics)},
    author = {Rosten, Edward and Drummond, Tom},
    isbn = {3540338322},
    doi = {10.1007/11744023{\_}34},
    issn = {16113349},
    pmid = {18684738}
}

@inproceedings{Linegar2016MadeCamera,
    title = {{Made to measure: Bespoke landmarks for 24-hour, all-weather localisation with a camera}},
    year = {2016},
    booktitle = {2016 IEEE International Conference on Robotics and Automation (ICRA)},
    author = {Linegar, Chris and Churchill, Winston and Newman, Paul},
    pages = {787--794},
    publisher = {IEEE},
    url = {http://ieeexplore.ieee.org/document/7487208/},
    isbn = {978-1-4673-8026-3},
    doi = {10.1109/ICRA.2016.7487208}
}

@article{Brubaker2016Map-BasedSelf-Localization,
    title = {{Map-Based Probabilistic Visual Self-Localization}},
    year = {2016},
    journal = {IEEE Transactions on Pattern Analysis and Machine Intelligence},
    author = {Brubaker, Marcus A. and Geiger, Andreas and Urtasun, Raquel},
    number = {4},
    month = {4},
    pages = {652--665},
    volume = {38},
    url = {http://ieeexplore.ieee.org/document/7152950/},
    isbn = {9781467388511},
    doi = {10.1109/TPAMI.2015.2453975},
    issn = {0162-8828},
    arxivId = {1511.03240},
    keywords = {Localization, OpenStreetMaps, Visual odometry}
}

@article{Schneider2017Maplab:Localization,
    title = {{maplab: An Open Framework for Research in Visual-inertial Mapping and Localization}},
    year = {2017},
    author = {Schneider, Thomas and Dymczyk, Marcin and Fehr, Marius and Egger, Kevin and Lynen, Simon and Gilitschenski, Igor and Siegwart, Roland},
    url = {http://arxiv.org/abs/1711.10250},
    arxivId = {1711.10250}
}

@article{Williams2015MarginalMember,
    title = {{Marginal multi-bernoulli filters: RFS derivation of MHT, JIPDA, and association-based member}},
    year = {2015},
    journal = {IEEE Transactions on Aerospace and Electronic Systems},
    author = {Williams, Jason L.},
    number = {3},
    pages = {1664--1687},
    volume = {51},
    doi = {10.1109/TAES.2015.130550},
    issn = {00189251},
    arxivId = {1203.2995}
}

@article{Chen2016MonocularDriving,
    title = {{Monocular 3D Object Detection for Autonomous Driving}},
    year = {2016},
    journal = {2016 IEEE Conference on Computer Vision and Pattern Recognition (CVPR)},
    author = {Chen, Xiaozhi and Kundu, Kaustav and Zhang, Ziyu and Ma, Huimin and Fidler, Sanja and Urtasun, Raquel},
    pages = {2147--2156},
    url = {http://ieeexplore.ieee.org/document/7780605/},
    isbn = {978-1-4673-8851-1},
    doi = {10.1109/CVPR.2016.236},
    issn = {10636919}
}

@article{Ta2013MonocularEnvironments,
    title = {{Monocular Parallel Tracking and Mapping with Odometry Fusion for MAV Navigation in Feature-lacking Environments}},
    year = {2013},
    journal = {Iros},
    author = {Ta, D and Ok, K and Dellaert, F},
    url = {http://www.cc.gatech.edu/~dellaert/pub/Ta13irosws.pdf}
}

@article{Holmes2013MonocularMapping,
    title = {{Monocular SLAM with Conditionally Independent Split Mapping}},
    year = {2013},
    journal = {IEEE Transactions on Pattern Analysis and Machine Intelligence},
    author = {Holmes, Steven A. and Murray, David W.},
    number = {6},
    month = {6},
    pages = {1451--1463},
    volume = {35},
    url = {http://www.mendeley.com/research/monocular-slam-conditionally-independent-split-mapping http://ieeexplore.ieee.org/document/6341750/},
    doi = {10.1109/TPAMI.2012.234},
    issn = {0162-8828}
}

@article{Weiss2013MonocularCompendium,
    title = {{Monocular Vision for Long-term Micro Aerial Vehicle State Estimation: A Compendium}},
    year = {2013},
    journal = {Journal of Field Robotics},
    author = {Weiss, Stephan and Achtelik, Markus W. and Lynen, Simon and Achtelik, Michael C. and Kneip, Laurent and Chli, Margarita and Siegwart, Roland},
    number = {5},
    month = {9},
    pages = {803--831},
    volume = {30},
    url = {http://www.mendeley.com/research/monocular-vision-longterm-micro-aerial-vehicle-state-estimation-compendium http://doi.wiley.com/10.1002/rob.21466},
    doi = {10.1002/rob.21466},
    issn = {15564959}
}

@article{Platinsky2017MonocularAlternation,
    title = {{Monocular visual odometry: Sparse joint optimisation or dense alternation?}},
    year = {2017},
    journal = {Proceedings - IEEE International Conference on Robotics and Automation},
    author = {Platinsky, Lukas and Davison, Andrew J. and Leutenegger, Stefan},
    url = {http://www.mendeley.com/research/monocular-visual-odometry-sparse-joint-optimisation-dense-alternation},
    doi = {10.1109/ICRA.2017.7989599}
}

@inproceedings{Makynen2012Multi-Applications,
    title = {{Multi- and hyperspectral UAV imaging system for forest and agriculture applications}},
    year = {2012},
    booktitle = {Proc. SPIE 8374, Next-Generation Spectroscopic Technologies V},
    author = {M{\"{a}}kynen, Jussi and Saari, Heikki and Holmlund, Christer and Mannila, Rami and Antila, Tapani},
    pages = {837409},
    isbn = {9780819490520},
    doi = {10.1117/12.918571},
    issn = {0277786X}
}

@phdthesis{Fourie2017Multi-modalGraphs,
    title = {{Multi-modal and Inertial Sensor Solutions for Navigation-type Factor Graphs}},
    year = {2017},
    author = {Fourie, Dehann},
    pages = {357}
}

@article{Teichmann2016MultiNet:Driving,
    title = {{MultiNet: Real-time Joint Semantic Reasoning for Autonomous Driving}},
    year = {2016},
    author = {Teichmann, Marvin and Weber, Michael and Zoellner, Marius and Cipolla, Roberto and Urtasun, Raquel},
    month = {12},
    url = {http://arxiv.org/abs/1612.07695},
    arxivId = {1612.07695}
}

@book{Hartley2004MultipleVision,
    title = {{Multiple View Geometry in Computer Vision}},
    year = {2004},
    booktitle = {Book},
    author = {Hartley, Richard and Zisserman, Andrew},
    edition = {2nd Ed.},
    publisher = {Cambridge University Press},
    isbn = {9780521540513}
}

@article{Saeedi2016Multiple-RobotReview,
    title = {{Multiple-Robot Simultaneous Localization and Mapping: A Review}},
    year = {2016},
    journal = {Journal of Field Robotics},
    author = {Saeedi, Sajad and Trentini, Michael and Seto, Mae and Li, Howard},
    number = {1},
    month = {1},
    pages = {3--46},
    volume = {33},
    url = {http://doi.wiley.com/10.1002/rob.21620},
    isbn = {9783902661623},
    doi = {10.1002/rob.21620},
    issn = {15564959},
    pmid = {22164016},
    arxivId = {10.1.1.91.5767}
}

@inproceedings{Skauli2013MultispectralPlane,
    title = {{Multispectral and conventional imaging combined in a compact camera by using patterned filters in the focal plane}},
    year = {2013},
    booktitle = {Optics InfoBase Conference Papers},
    author = {Skauli, T. and Torkildsen, H.E. and K{\aa}sen, I. and Nicolas, S. and Haavardsholm, T. and Opsahl, T.},
    number = {},
    volume = {},
    isbn = {9781557529756},
    issn = {21622701}
}

@article{Mahler2003MultitargetMoments,
    title = {{Multitarget Bayes Filtering via First-Order Multitarget Moments}},
    year = {2003},
    journal = {IEEE Transactions on Aerospace and Electronic Systems},
    author = {Mahler, Ronald P.S.},
    number = {4},
    pages = {1152--1178},
    volume = {39},
    isbn = {0018-9251},
    doi = {10.1109/TAES.2003.1261119},
    issn = {00189251}
}

@inproceedings{Konolige2011NavigationMaps,
    title = {{Navigation in hybrid metric-topological maps}},
    year = {2011},
    booktitle = {2011 IEEE International Conference on Robotics and Automation},
    author = {Konolige, Kurt and Marder-Eppstein, Eitan and Marthi, Bhaskara},
    month = {5},
    pages = {3041--3047},
    publisher = {IEEE},
    url = {http://ieeexplore.ieee.org/document/5980074/},
    isbn = {978-1-61284-386-5},
    doi = {10.1109/ICRA.2011.5980074},
    issn = {1050-4729}
}

@article{Pascoe2017NID-SLAM:Distance,
    title = {{NID-SLAM: Robust Monocular SLAM using Normalised Information Distance}},
    year = {2017},
    journal = {Computer Vision and Pattern Recognition},
    author = {Pascoe, Geoffrey and Maddern, Will and Tanner, Michael and Pini{\'{e}}s, Pedro and Newman, Paul},
    pages = {1435--1444},
    url = {http://www.robots.ox.ac.uk/~mobile/Papers/2017CVPR_pascoe.pdf},
    doi = {10.1109/CVPR.2017.158}
}

@article{Mebarki2015NonlinearEnvironments,
    title = {{Nonlinear Visual Control of Unmanned Aerial Vehicles in GPS-Denied Environments}},
    year = {2015},
    journal = {IEEE Transactions on Robotics},
    author = {Mebarki, Rafik and Lippiello, Vincenzo and Siciliano, Bruno},
    number = {4},
    month = {8},
    pages = {1004--1017},
    volume = {31},
    url = {http://ieeexplore.ieee.org/document/7177146/},
    doi = {10.1109/TRO.2015.2451371},
    issn = {1552-3098}
}

@techreport{GriniObjectEnvironments,
    title = {{Object Detection in Maritime Environments}},
    author = {Grini, Simen Viken}
}

@article{Hausman2017Observability-AwareUAVs,
    title = {{Observability-Aware Trajectory Optimization for Self-Calibration With Application to UAVs}},
    year = {2017},
    journal = {IEEE Robotics and Automation Letters},
    author = {Hausman, Karol and Preiss, James and Sukhatme, Gaurav S. and Weiss, Stephan},
    number = {3},
    volume = {2},
    doi = {10.1109/LRA.2017.2647799},
    issn = {23773766},
    arxivId = {1604.07905}
}

@inproceedings{Dequaire2016OffRepeat,
    title = {{Off the beaten track: Predicting localisation performance in visual teach and repeat}},
    year = {2016},
    booktitle = {2016 IEEE International Conference on Robotics and Automation (ICRA)},
    author = {Dequaire, Julie and Tong, Chi Hay and Churchill, Winston and Posner, Ingmar},
    month = {5},
    pages = {795--800},
    volume = {2016-June},
    publisher = {IEEE},
    url = {http://ieeexplore.ieee.org/document/7487209/},
    isbn = {978-1-4673-8026-3},
    doi = {10.1109/ICRA.2016.7487209},
    issn = {10504729}
}

@article{Yang2017OnGraphs,
    title = {{On support relations and semantic scene graphs}},
    year = {2017},
    journal = {ISPRS Journal of Photogrammetry and Remote Sensing},
    author = {Yang, Michael Ying and Liao, Wentong and Ackermann, Hanno and Rosenhahn, Bodo},
    url = {http://www.mendeley.com/research/support-relations-semantic-scene-graphs},
    doi = {10.1016/j.isprsjprs.2017.07.010}
}

@inproceedings{Sunderhauf2015OnRecognition,
    title = {{On the performance of ConvNet features for place recognition}},
    year = {2015},
    booktitle = {2015 IEEE/RSJ International Conference on Intelligent Robots and Systems (IROS)},
    author = {Sunderhauf, Niko and Shirazi, Sareh and Dayoub, Feras and Upcroft, Ben and Milford, Michael},
    month = {9},
    pages = {4297--4304},
    volume = {2015-Decem},
    publisher = {IEEE},
    url = {http://ieeexplore.ieee.org/document/7353986/},
    isbn = {978-1-4799-9994-1},
    doi = {10.1109/IROS.2015.7353986},
    issn = {21530866},
    arxivId = {1501.04158},
    keywords = {Computer vision, Feature extraction, Real-time systems, Robustness, Semantics, Visualization}
}

@book{Absil2008OptimizationManifolds,
    title = {{Optimization Algorithms on Matrix Manifolds}},
    year = {2008},
    author = {Absil, P.-A. and Mahony, R. and Sepulchre, R.},
    month = {12},
    publisher = {Princeton University Press},
    url = {https://www.degruyter.com/view/books/9781400830244/9781400830244/9781400830244.xml http://www.degruyter.com/view/books/9781400830244/9781400830244/9781400830244.xml},
    address = {Princeton},
    isbn = {9781400830244},
    doi = {10.1515/9781400830244},
    issn = {0691132984},
    pmid = {6477023}
}

@article{Mur-Artal2017ORB-SLAM2:Cameras,
    title = {{ORB-SLAM2: An Open-Source SLAM System for Monocular, Stereo, and RGB-D Cameras}},
    year = {2017},
    journal = {IEEE Transactions on Robotics},
    author = {Mur-Artal, Raul and Tardos, Juan D.},
    pages = {1--8},
    isbn = {1552-3098},
    doi = {10.1109/TRO.2017.2705103},
    issn = {1552-3098},
    pmid = {309728700020},
    arxivId = {1610.06475}
}

@article{Mur-Artal2015ORB-SLAM:System,
    title = {{ORB-SLAM: A Versatile and Accurate Monocular SLAM System}},
    year = {2015},
    journal = {IEEE Transactions on Robotics},
    author = {Mur-Artal, Raul and Montiel, J. M. M. and Tardos, Juan D.},
    number = {5},
    month = {10},
    pages = {1147--1163},
    volume = {31},
    url = {https://ieeexplore.ieee.org/document/7219438/},
    keywords = {Lifelong mapping, Simultaneous localization and mapping (SLAM), localization, monocular vision, recognition}
}

@techreport{Kaarstad2018Pan/Tilt/ZoomCalibration,
    title = {{Pan/Tilt/Zoom Camera for Autonomous Navigation Evaluating latency and camera calibration}},
    year = {2018},
    author = {Kaarstad, Øystein and Trondheim, Helgesen}
}

@inproceedings{Tarabalka2008ParallelProcessor,
    title = {{Parallel processing for normal mixture models of hyperspectral data using a graphics processor}},
    year = {2008},
    booktitle = {International Geoscience and Remote Sensing Symposium (IGARSS)},
    author = {Tarabalka, Y. and Haavardsholm, T.V. and K{\aa}sen, I. and Skauli, T.},
    number = {1},
    volume = {2},
    isbn = {9781424428083},
    doi = {10.1109/IGARSS.2008.4779163},
    keywords = {Anomaly detection, GPU processing, Hyperspectral image, Multivariate normal mixture model}
}

@inproceedings{Klein2007ParallelWorkspaces,
    title = {{Parallel tracking and mapping for small AR workspaces}},
    year = {2007},
    booktitle = {2007 6th IEEE and ACM International Symposium on Mixed and Augmented Reality, ISMAR},
    author = {Klein, Georg and Murray, David},
    isbn = {9781424417506},
    doi = {10.1109/ISMAR.2007.4538852},
    issn = {1342-6907},
    pmid = {21736739},
    arxivId = {arXiv:1407.5736v1}
}

@inproceedings{Klein2009ParallelPhone,
    title = {{Parallel tracking and mapping on a camera phone}},
    year = {2009},
    booktitle = {Science and Technology Proceedings - IEEE 2009 International Symposium on Mixed and Augmented Reality, ISMAR 2009},
    author = {Klein, Georg and Murray, David},
    pages = {83--86},
    isbn = {9781424453900},
    doi = {10.1109/ISMAR.2009.5336495},
    issn = {15534014},
    pmid = {18717641},
    arxivId = {arXiv:1407.5736v1}
}

@inproceedings{Song2013ParallelOdometry,
    title = {{Parallel, real-time monocular visual odometry}},
    year = {2013},
    booktitle = {2013 IEEE International Conference on Robotics and Automation},
    author = {Song, Shiyu and Chandraker, Manmohan and Guest, Clark C.},
    month = {5},
    pages = {4698--4705},
    publisher = {IEEE},
    url = {http://ieeexplore.ieee.org/document/6631246/},
    isbn = {978-1-4673-5643-5},
    doi = {10.1109/ICRA.2013.6631246},
    issn = {10504729}
}

@article{Pfrommer2017PennCOSYVIO:Benchmark,
    title = {{PennCOSYVIO: A challenging Visual Inertial Odometry benchmark}},
    year = {2017},
    journal = {Proceedings - IEEE International Conference on Robotics and Automation},
    author = {Pfrommer, Bernd and Sanket, Nitin and Daniilidis, Kostas and Cleveland, Jonas},
    url = {http://www.mendeley.com/research/penncosyvio-challenging-visual-inertial-odometry-benchmark},
    doi = {10.1109/ICRA.2017.7989443}
}

@inproceedings{Agarwala2006PhotographingPanoramas,
    title = {{Photographing long scenes with multi-viewpoint panoramas}},
    year = {2006},
    booktitle = {ACM Transactions on Graphics (Proceedings of SIGGRAPH 2006)},
    author = {Agarwala, Aseem and Agrawala, Maneesh and Cohen, Michael and Salesin, David and Szeliski, Richard},
    pages = {853--861},
    isbn = {1595933646},
    doi = {10.1145/1179352.1141966}
}

@inproceedings{Goa2004PhysicalPerformance,
    title = {{Physical subspace models for invariant material identification: Subspace composition and detection performance}},
    year = {2004},
    booktitle = {Proceedings of SPIE - The International Society for Optical Engineering},
    author = {Goa, P.E. and Skauli, T. and K{\aa}sen, I. and Haavardsholm, T.V. and R{\o}dningsby, A.},
    number = {},
    volume = {5573},
    doi = {10.1117/12.565612},
    issn = {0277786X},
    keywords = {Hyperspectral imaging, Material identification, Physical subspace models, Target detection}
}

@inproceedings{Suenderhauf2015PlaceTraining-Free,
    title = {{Place Recognition with ConvNet Landmarks: Viewpoint-Robust, Condition-Robust, Training-Free}},
    year = {2015},
    booktitle = {Robotics: Science and Systems XI},
    author = {Suenderhauf, Niko and Shirazi, Sareh and Jacobson, Adam and Dayoub, Feras and Pepperell, Edward and Upcroft, Ben and Milford, Michael},
    month = {7},
    publisher = {Robotics: Science and Systems Foundation},
    url = {http://www.roboticsproceedings.org/rss11/p22.pdf},
    isbn = {9780992374716},
    doi = {10.15607/RSS.2015.XI.022},
    issn = {2330765X}
}

@inproceedings{Kendall2015PoseNet:Relocalization,
    title = {{PoseNet: A Convolutional Network for Real-Time 6-DOF Camera Relocalization}},
    year = {2015},
    booktitle = {2015 IEEE International Conference on Computer Vision (ICCV)},
    author = {Kendall, Alex and Grimes, Matthew and Cipolla, Roberto},
    month = {12},
    pages = {2938--2946},
    volume = {2015 Inter},
    publisher = {IEEE},
    url = {http://ieeexplore.ieee.org/document/7410693/},
    isbn = {978-1-4673-8391-2},
    doi = {10.1109/ICCV.2015.336},
    issn = {15505499},
    arxivId = {1505.07427}
}

@article{Tichavsk1998PosteriorFiltering,
    title = {{Posterior Cram{\'{e}}r–Rao Bounds for Discrete-Time Nonlinear Filtering}},
    year = {1998},
    journal = {IEEE TRANSACTIONS ON SIGNAL PROCESSING},
    author = {Tichavsk, Petr and Muravchik, Carlos H and Nehorai, Arye},
    number = {5},
    volume = {46},
    url = {https://ntnu.blackboard.com/bbcswebdav/pid-255319-dt-content-rid-10900132_1/courses/194_TK8102_1_2018_V_1/tichavsky%20-%20CRLB%20recursive.pdf},
    keywords = {Index Terms—Adaptive estimation, Kalman filtering, nonlinear filters, time-varying systems, tracking filters}
}

@article{Thrun2002ProbabilisticRobotics,
    title = {{Probabilistic robotics}},
    year = {2002},
    journal = {Communications of the ACM},
    author = {Thrun, Sebastian},
    number = {3},
    month = {3},
    volume = {45},
    url = {http://portal.acm.org/citation.cfm?doid=504729.504754},
    isbn = {9788578110796},
    doi = {10.1145/504729.504754},
    issn = {00010782},
    pmid = {25246403},
    arxivId = {arXiv:1011.1669v3}
}

@inproceedings{Mur-Artal2015ProbabilisticSLAM,
    title = {{Probabilistic Semi-Dense Mapping from Highly Accurate Feature-Based Monocular SLAM}},
    year = {2015},
    booktitle = {Robotics: Science and Systems XI},
    author = {Mur-Artal, Raul and Tardos, Juan},
    month = {7},
    publisher = {Robotics: Science and Systems Foundation},
    isbn = {9780992374716},
    doi = {10.15607/RSS.2015.XI.041},
    issn = {10504729}
}

@article{JoanSoi2017QuaternionFilter,
    title = {{Quaternion kinematics for the error-state Kalman filter}},
    year = {2017},
    author = {{JoanSo{\`{i}}}},
    url = {http://www.iri.upc.edu/people/jsola/JoanSola/objectes/notes/kinematics.pdf}
}

@article{Tarabalka2009Real-timeProcessing,
    title = {{Real-time anomaly detection in hyperspectral images using multivariate normal mixture models and GPU processing}},
    year = {2009},
    journal = {Journal of Real-Time Image Processing},
    author = {Tarabalka, Y. and Haavardsholm, T.V. and K{\aa}sen, I. and Skauli, T.},
    number = {3},
    volume = {4},
    doi = {10.1007/s11554-008-0105-x},
    issn = {18618200},
    keywords = {Anomaly detection, General purpose GPU processing, Hyperspectral imagery, Multivariate normal mixture model}
}

@article{Karrer2016Real-timeManipulation,
    title = {{Real-time dense surface reconstruction for aerial manipulation}},
    year = {2016},
    journal = {IEEE International Conference on Intelligent Robots and Systems},
    author = {Karrer, Marco and Kamel, Mina and Siegwart, Roland and Chli, Margarita},
    url = {http://www.mendeley.com/research/realtime-dense-surface-reconstruction-aerial-manipulation},
    doi = {10.1109/IROS.2016.7759259}
}

@inproceedings{Opsahl2011Real-timeSystem,
    title = {{Real-time georeferencing for an airborne hyperspectral imaging system}},
    year = {2011},
    booktitle = {Proceedings of SPIE - The International Society for Optical Engineering},
    author = {Opsahl, T. and Haavardsholm, T.V. and Winjum, I.},
    number = {},
    volume = {8048},
    isbn = {9780819486226},
    doi = {10.1117/12.885069},
    issn = {0277786X},
    keywords = {GPU, Real-time, georeferencing, hyperspectral, orthorectification, pushbroom, ray tracing}
}

@inproceedings{Koirala2017Real-timeMjolnir-1024,
    title = {{Real-time hyperspectral image processing for UAV applications, using HySpex Mjolnir-1024}},
    year = {2017},
    booktitle = {Proc. SPIE 10198, Algorithms and Technologies for Multispectral, Hyperspectral, and Ultraspectral Imagery XXIII},
    author = {Koirala, Pesal and L{\o}ke, Trond and Baarstad, Ivar and Fridman, Andrei and Hernandez, Julio},
    pages = {1019807},
    isbn = {9781510608979},
    doi = {10.1117/12.2267476},
    issn = {1996756X}
}

@inproceedings{Gallup2007Real-timeDirections,
    title = {{Real-time plane-sweeping stereo with multiple sweeping directions}},
    year = {2007},
    booktitle = {Proceedings of the IEEE Computer Society Conference on Computer Vision and Pattern Recognition},
    author = {Gallup, David and Frahm, Jan Michael and Mordohai, Philippos and Yang, Qingxiong and Pollefeys, Marc},
    isbn = {1424411807},
    doi = {10.1109/CVPR.2007.383245},
    issn = {10636919}
}

@inproceedings{Oleynikova2015Real-timeRobots,
    title = {{Real-time visual-inertial localization for aerial and ground robots}},
    year = {2015},
    booktitle = {2015 IEEE/RSJ International Conference on Intelligent Robots and Systems (IROS)},
    author = {Oleynikova, Helen and Burri, Michael and Lynen, Simon and Siegwart, Roland},
    month = {9},
    pages = {3079--3085},
    volume = {2015-Decem},
    publisher = {IEEE},
    url = {http://ieeexplore.ieee.org/document/7353802/},
    isbn = {978-1-4799-9994-1},
    doi = {10.1109/IROS.2015.7353802},
    issn = {21530866}
}

@inproceedings{Usenko2015ReconstructingCar,
    title = {{Reconstructing Street-Scenes in Real-Time from a Driving Car}},
    year = {2015},
    booktitle = {2015 International Conference on 3D Vision},
    author = {Usenko, Vladyslav and Engel, Jakob and Stuckler, Jorg and Cremers, Daniel},
    month = {10},
    pages = {607--614},
    publisher = {IEEE},
    url = {http://ieeexplore.ieee.org/document/7335531/},
    isbn = {978-1-4673-8332-5},
    doi = {10.1109/3DV.2015.75},
    keywords = {Cameras, Image reconstruction, Real-time systems, Simultaneous localization and mapping, Three-dimensional displays, Tracking}
}

@inproceedings{Pizzoli2014REMODE:Time,
    title = {{REMODE: Probabilistic, monocular dense reconstruction in real time}},
    year = {2014},
    booktitle = {2014 IEEE International Conference on Robotics and Automation (ICRA)},
    author = {Pizzoli, Matia and Forster, Christian and Scaramuzza, Davide},
    month = {5},
    pages = {2609--2616},
    publisher = {IEEE},
    isbn = {978-1-4799-3685-4},
    doi = {10.1109/ICRA.2014.6907233},
    issn = {10504729}
}

@article{Farsund2010RequiredMeasurements,
    title = {{Required spectral resolution for bioaerosol detection algorithms using standoff laser-induced fluorescence measurements}},
    year = {2010},
    journal = {IEEE Sensors Journal},
    author = {Farsund, Ø. and Rustad, G. and K{\aa}sen, I. and Haavardsholm, T.V.},
    number = {3},
    volume = {10},
    doi = {10.1109/JSEN.2009.2037794},
    issn = {1530437X},
    keywords = {Fluorescence spectroscopy, Object detection, Spectral analysis}
}

@article{Clement2017RobustImagery,
    title = {{Robust Monocular Visual Teach and Repeat Aided by Local Ground Planarity and Color-constant Imagery}},
    year = {2017},
    journal = {Journal of Field Robotics},
    author = {Clement, Lee and Kelly, Jonathan and Barfoot, Timothy D.},
    number = {1},
    pages = {74--97},
    volume = {34},
    isbn = {9783319277004},
    doi = {10.1002/rob.21655},
    issn = {15564967},
    arxivId = {1707.08989}
}

@article{Doherty2019RobustMapping,
    title = {{Robust non-Gaussian semantic simultaneous localization and mapping}},
    year = {2019},
    journal = {Robust non-Gaussian semantic simultaneous localization and mapping},
    author = {Doherty, Kevin J.},
    number = {2017},
    doi = {10.1575/1912/24859}
}

@inproceedings{Kerl2013RobustCameras,
    title = {{Robust odometry estimation for RGB-D cameras}},
    year = {2013},
    booktitle = {2013 IEEE International Conference on Robotics and Automation},
    author = {Kerl, Christian and Sturm, Jurgen and Cremers, Daniel},
    month = {5},
    pages = {3748--3754},
    publisher = {IEEE},
    url = {http://ieeexplore.ieee.org/document/6631104/},
    isbn = {978-1-4673-5643-5},
    doi = {10.1109/ICRA.2013.6631104},
    issn = {10504729}
}

@inproceedings{Surber2017RobustFlights,
    title = {{Robust visual-inertial localization with weak GPS priors for repetitive UAV flights}},
    year = {2017},
    booktitle = {2017 IEEE International Conference on Robotics and Automation (ICRA)},
    author = {Surber, Julian and Teixeira, Lucas and Chli, Margarita},
    month = {5},
    pages = {6300--6306},
    publisher = {IEEE},
    url = {http://www.mendeley.com/research/robust-visualinertial-localization-weak-gps-priors-repetitive-uav-flights http://ieeexplore.ieee.org/document/7989745/},
    isbn = {978-1-5090-4633-1},
    doi = {10.1109/ICRA.2017.7989745}
}

@article{Lao2020RollingApplications,
    title = {{Rolling Shutter Homography and its Applications}},
    year = {2020},
    journal = {IEEE Transactions on Pattern Analysis and Machine Intelligence},
    author = {Lao, Yizhen and Ait Aider, Omar},
    doi = {10.1109/tpami.2020.2977644},
    issn = {0162-8828}
}

@article{Pire2017S-PTAM:Mapping,
    title = {{S-PTAM: Stereo Parallel Tracking and Mapping}},
    year = {2017},
    journal = {Robotics and Autonomous Systems},
    author = {Pire, Taihú and Fischer, Thomas and Castro, Gastón and De Crist{\'{o}}foris, Pablo and Civera, Javier and Jacobo Berlles, Julio},
    month = {7},
    pages = {27--42},
    volume = {93},
    url = {http://linkinghub.elsevier.com/retrieve/pii/S0921889015302955},
    doi = {10.1016/j.robot.2017.03.019},
    issn = {09218890},
    keywords = {Loop closure, SLAM, Stereo SLAM, Stereo vision, Visual SLAM}
}

@inproceedings{Strasdat2010ScaleSLAM,
    title = {{Scale Drift-Aware Large Scale Monocular SLAM}},
    year = {2010},
    booktitle = {Robotics: Science and Systems VI},
    author = {Strasdat, H. and M. M. Montiel, J. and Davison, A.},
    month = {6},
    publisher = {Robotics: Science and Systems Foundation},
    url = {http://www.roboticsproceedings.org/rss06/p10.pdf},
    isbn = {9780262516815},
    doi = {10.15607/RSS.2010.VI.010},
    issn = {2330765X}
}

@article{Dube2020SegMap:Descriptors,
    title = {{SegMap: Segment-based mapping and localization using data-driven descriptors}},
    year = {2020},
    journal = {International Journal of Robotics Research},
    author = {Dub{\'{e}}, Renaud and Cramariuc, Andrei and Dugas, Daniel and Sommer, Hannes and Dymczyk, Marcin and Nieto, Juan and Siegwart, Roland and Cadena, Cesar},
    number = {2-3},
    volume = {39},
    doi = {10.1177/0278364919863090},
    issn = {17413176}
}

@inproceedings{Engel2013Semi-denseCamera,
    title = {{Semi-dense Visual Odometry for a Monocular Camera}},
    year = {2013},
    booktitle = {2013 IEEE International Conference on Computer Vision},
    author = {Engel, Jakob and Sturm, Jurgen and Cremers, Daniel},
    month = {12},
    pages = {1449--1456},
    publisher = {IEEE},
    url = {http://ieeexplore.ieee.org/document/6751290/},
    isbn = {978-1-4799-2840-8},
    doi = {10.1109/ICCV.2013.183},
    issn = {1550-5499},
    pmid = {6130318},
    keywords = {SLAM, dense, monocular, stereo, visual odometry}
}

@article{Tanskanen2015Semi-directOdometry,
    title = {{Semi-direct EKF-based monocular visual-inertial odometry}},
    year = {2015},
    journal = {IEEE International Conference on Intelligent Robots and Systems},
    author = {Tanskanen, Petri and Naegeli, Tobias and Pollefeys, Marc and Hilliges, Otmar},
    url = {http://www.mendeley.com/research/semidirect-ekfbased-monocular-visualinertial-odometry},
    doi = {10.1109/IROS.2015.7354242}
}

@inproceedings{Heng2016Semi-directCamera,
    title = {{Semi-direct visual odometry for a fisheye-stereo camera}},
    year = {2016},
    booktitle = {2016 IEEE/RSJ International Conference on Intelligent Robots and Systems (IROS)},
    author = {Heng, Lionel and Choi, Benjamin},
    month = {10},
    pages = {4077--4084},
    publisher = {IEEE},
    url = {http://www.mendeley.com/research/semidirect-visual-odometry-fisheyestereo-camera http://ieeexplore.ieee.org/document/7759600/},
    isbn = {978-1-5090-3762-9},
    doi = {10.1109/IROS.2016.7759600}
}

@inproceedings{McManus2014ShadyInvariance,
    title = {{Shady dealings: Robust, long-term visual localisation using illumination invariance}},
    year = {2014},
    booktitle = {Proceedings - IEEE International Conference on Robotics and Automation},
    author = {McManus, Colin and Churchill, Winston and Maddern, Will and Stewart, Alexander D. and Newman, Paul},
    isbn = {9781479936847},
    doi = {10.1109/ICRA.2014.6906961},
    issn = {10504729}
}

@phdthesis{dven2018SLAMFerry,
    title = {{SLAM For Autonomous Ferry}},
    year = {2018},
    author = {{\O}dven, Marius Strand}
}

@inproceedings{Salas-Moreno2013SLAM++:Objects,
    title = {{SLAM++: Simultaneous Localisation and Mapping at the Level of Objects}},
    year = {2013},
    booktitle = {2013 IEEE Conference on Computer Vision and Pattern Recognition},
    author = {Salas-Moreno, Renato F. and Newcombe, Richard A. and Strasdat, Hauke and Kelly, Paul H.J. and Davison, Andrew J.},
    month = {6},
    pages = {1352--1359},
    publisher = {IEEE},
    url = {http://ieeexplore.ieee.org/document/6619022/},
    isbn = {978-0-7695-4989-7},
    doi = {10.1109/CVPR.2013.178},
    issn = {10636919},
    keywords = {GPGPU, ICP, KinectFusion, SLAM, augmented reality, object recognition, object-oriented, objects, real-time, scene understanding}
}

@article{Fortmann1983SonarAssociation,
    title = {{Sonar tracking of multiple targets using joint probabilistic data association}},
    year = {1983},
    journal = {IEEE Journal of Oceanic Engineering},
    author = {Fortmann, TE and Bar-Shalom, Y. and Scheffe, M.},
    number = {3},
    pages = {173--184},
    volume = {8},
    url = {http://ieeexplore.ieee.org/xpls/abs_all.jsp?arnumber=1145560%5Cnhttp://ieeexplore.ieee.org/lpdocs/epic03/wrapper.htm?arnumber=1145560%5Cnhttp://ieeexplore.ieee.org/document/1145560/},
    doi = {10.1109/JOE.1983.1145560},
    issn = {0364-9059}
}

@inproceedings{Liu2016SSD:Detector,
    title = {{SSD: Single Shot MultiBox Detector}},
    year = {2016},
    booktitle = {Computer Vision -- ECCV 2016},
    author = {Liu, Wei and Anguelov, Dragomir and Erhan, Dumitru and Szegedy, Christian and Reed, Scott and Fu, Cheng-Yang and Berg, Alexander C},
    editor = {Leibe, Bastian and Matas, Jiri and Sebe, Nicu and Welling, Max},
    pages = {21--37},
    publisher = {Springer International Publishing},
    address = {Cham},
    isbn = {978-3-319-46448-0}
}

@book{Chirikjian2012Stochastic2,
    title = {{Stochastic Models, Information Theory, and Lie Groups, Volume 2}},
    year = {2012},
    author = {Chirikjian, Gregory S.},
    publisher = {Birkh{\"{a}}user Basel}
}

@misc{SVCSite,
    title = {{SVC HR-1024 web site}},
    url = {https://www.spectravista.com/our-instruments/legacy-products/}
}

@inproceedings{Forster2014SVO:Odometry,
    title = {{SVO: Fast semi-direct monocular visual odometry}},
    year = {2014},
    booktitle = {2014 IEEE International Conference on Robotics and Automation (ICRA)},
    author = {Forster, Christian and Pizzoli, Matia and Scaramuzza, Davide},
    month = {5},
    pages = {15--22},
    publisher = {IEEE},
    isbn = {978-1-4799-3685-4},
    doi = {10.1109/ICRA.2014.6906584},
    issn = {10504729},
    pmid = {6576973927449638915},
    arxivId = {arXiv:1606.05830v2}
}

@article{Forster2017SVO:Systems,
    title = {{SVO: Semidirect Visual Odometry for Monocular and Multicamera Systems}},
    year = {2017},
    journal = {IEEE Transactions on Robotics},
    author = {Forster, Christian and Zhang, Zichao and Gassner, Michael and Werlberger, Manuel and Scaramuzza, Davide},
    number = {2},
    month = {4},
    pages = {249--265},
    volume = {33},
    isbn = {9783902823625},
    doi = {10.1109/TRO.2016.2623335},
    issn = {1552-3098},
    arxivId = {1204.3968},
    keywords = {Robot vision, simultaneous localization and mapping (SLAM)}
}

@article{Wells2005TALON:Focus,
    title = {{TALON: a universal unmanned ground vehicle platform, enabling the mission to be the focus}},
    year = {2005},
    journal = {Proceedings of SPIE - The International Society for Optical Engineering},
    author = {Wells, Peter and Deguire, Dan},
    pages = {747--757},
    volume = {5804},
    url = {http://proceedings.spiedigitallibrary.org/proceeding.aspx?doi=10.1117/12.602887},
    doi = {10.1117/12.602887}
}

@article{Axelsson2016TargetInformation,
    title = {{Target detection in hyperspectral imagery using forward modeling and in-scene information}},
    year = {2016},
    journal = {ISPRS Journal of Photogrammetry and Remote Sensing},
    author = {Axelsson, M. and Friman, O. and Haavardsholm, T.V. and Renhorn, I.},
    number = {},
    volume = {119},
    doi = {10.1016/j.isprsjprs.2016.05.008},
    issn = {09242716},
    keywords = {Forward modeling, Hyperspectral imaging, Rediscovery, Subspace matching, Target detection}
}

@article{Burri2016TheDatasets,
    title = {{The EuRoC micro aerial vehicle datasets}},
    year = {2016},
    journal = {The International Journal of Robotics Research},
    author = {Burri, Michael and Nikolic, Janosch and Gohl, Pascal and Schneider, Thomas and Rehder, Joern and Omari, Sammy and Achtelik, Markus W and Siegwart, Roland},
    url = {http://www.mendeley.com/research/euroc-micro-aerial-vehicle-datasets},
    doi = {10.1177/0278364915620033}
}

@article{uczynski2017TheHousings,
    title = {{The Pinax-model for accurate and efficient refraction correction of underwater cameras in flat-pane housings}},
    year = {2017},
    journal = {Ocean Engineering},
    author = {{\L}uczy{\'{n}}ski, Tomasz and Pfingsthorn, Max and Birk, Andreas},
    month = {3},
    pages = {9--22},
    volume = {133},
    url = {https://linkinghub.elsevier.com/retrieve/pii/S0029801817300434},
    doi = {10.1016/j.oceaneng.2017.01.029},
    issn = {00298018},
    keywords = {Axial camera, Calibration, Camera model, Rectification, Refraction correction, Underwater vision}
}

@article{Bar-Shalom1975TrackingAssociation,
    title = {{Tracking in a cluttered environnement with probabilistic data association}},
    year = {1975},
    journal = {Automatica},
    author = {Bar-Shalom, Y and Tse, E},
    pages = {451--460},
    volume = {11}
}

@article{Absil2007Trust-regionManifolds,
    title = {{Trust-region methods on Riemannian manifolds}},
    year = {2007},
    journal = {Foundations of Computational Mathematics},
    author = {Absil, P. A. and Baker, C. G. and Gallivan, K. A.},
    doi = {10.1007/s10208-005-0179-9},
    issn = {16153375},
    keywords = {Global convergence, Local convergence, Numerical optimization on manifolds, Steihaugtoint, Superlinear convergence, Symmetric eigenvalue problem, Truncated conjugategradient, Trust-region}
}

@article{Scaramuzza2011Tutorial:Odometry,
    title = {{Tutorial: Visual odometry}},
    year = {2011},
    journal = {IEEE Robotics and Automation Magazine},
    author = {Scaramuzza, Davide and Fraundorfer, Friedrich},
    number = {4},
    pages = {80--92},
    volume = {18},
    isbn = {1070-9932},
    doi = {10.1109/MRA.2011.943233},
    issn = {10709932},
    pmid = {6153423}
}

@article{Furgale2013UnifiedSystems,
    title = {{Unified temporal and spatial calibration for multi-sensor systems}},
    year = {2013},
    journal = {IEEE International Conference on Intelligent Robots and Systems},
    author = {Furgale, Paul and Rehder, Joern and Siegwart, Roland},
    url = {http://www.mendeley.com/research/unified-temporal-spatial-calibration-multisensor-systems},
    doi = {10.1109/IROS.2013.6696514}
}

@incollection{Barreto2006UnifyingCameras,
    title = {{Unifying Image Plane Liftings for Central Catadioptric and Dioptric Cameras}},
    year = {2006},
    booktitle = {Imaging Beyond the Pinhole Camera},
    author = {Barreto, J. P.},
    pages = {21--38},
    publisher = {Springer Netherlands},
    url = {http://link.springer.com/10.1007/978-1-4020-4894-4_2},
    isbn = {1402048939},
    doi = {10.1007/978-1-4020-4894-4{\_}2},
    keywords = {Veronese maps, central catadioptric cameras, lifting of coordinates, radial distortion}
}

@article{Krossholm2017UnsupervisedEnvironments,
    title = {{Unsupervised Object Detection in Video from Maritime Environments}},
    year = {2017},
    author = {Krossholm, Kristoffer Kleven},
    number = {December}
}

@inproceedings{Shimoni2017UrbanData,
    title = {{Urban features classification using 3D hyperspectral data}},
    year = {2017},
    booktitle = {Workshop on Hyperspectral Image and Signal Processing, Evolution in Remote Sensing},
    author = {Shimoni, M. and Idrissa, M. and Borghys, D. and Haavardsholm, T. and Opsahl, T.-O. and Perneel, C.},
    number = {},
    volume = {2013-June},
    isbn = {9781509011193},
    doi = {10.1109/WHISPERS.2013.8080665},
    issn = {21586276},
    keywords = {Disparity map, Hyperspectral, Markov Random Field, Stochastic Expectation Maximization, Support Vector Machine}
}

@article{Koks2008UsingSystems,
    title = {{Using Rotations to Build Aerospace Coordinate Systems}},
    year = {2008},
    author = {Koks, Don},
    pages = {31},
    url = {http://www.dtic.mil/cgi-bin/GetTRDoc?AD=ADA484864},
    keywords = {Axes of rotation, Coordinates, Rotation, Space navigation}
}

@article{Sibley2010Vast-scaleAdjustment,
    title = {{Vast-scale Outdoor Navigation Using Adaptive Relative Bundle Adjustment}},
    year = {2010},
    journal = {The International Journal of Robotics Research},
    author = {Sibley, Gabe and Mei, Christopher and Reid, Ian and Newman, Paul},
    number = {8},
    month = {7},
    pages = {958--980},
    volume = {29},
    url = {http://journals.sagepub.com/doi/10.1177/0278364910369268 http://www.robots.ox.ac.uk/~mobile/Papers/2010IJRR_sibley.pdf},
    isbn = {0278364910369},
    doi = {10.1177/0278364910369268},
    issn = {0278-3649}
}

@inproceedings{Schreiber2016VehicleOdometry,
    title = {{Vehicle localization with tightly coupled GNSS and visual odometry}},
    year = {2016},
    booktitle = {2016 IEEE Intelligent Vehicles Symposium (IV)},
    author = {Schreiber, Markus and Konigshof, Hendrik and Hellmund, Andre-Marcel and Stiller, Christoph},
    month = {6},
    pages = {858--863},
    publisher = {IEEE},
    url = {http://www.mendeley.com/research/vehicle-localization-tightly-coupled-gnss-visual-odometry http://ieeexplore.ieee.org/document/7535488/},
    isbn = {978-1-5090-1821-5},
    doi = {10.1109/IVS.2016.7535488}
}

@article{Simonyan2015VeryRecognition,
    title = {{Very Deep Convolutional Networks for Large-Scale Image Recognition}},
    year = {2015},
    journal = {International Conference on Learning Representations (ICRL)},
    author = {Simonyan, Karen and Zisserman, Andrew},
    pages = {1--14},
    url = {http://arxiv.org/abs/1409.1556},
    isbn = {9781450341448},
    doi = {10.1016/j.infsof.2008.09.005},
    issn = {09505849},
    pmid = {16873662},
    arxivId = {1409.1556}
}

@article{Konolige2010View-basedMaps,
    title = {{View-based Maps}},
    year = {2010},
    journal = {The International Journal of Robotics Research},
    author = {Konolige, Kurt and Bowman, James and Chen, J.D. and Mihelich, Patrick and Calonder, Michael and Lepetit, Vincent and Fua, Pascal},
    number = {8},
    month = {7},
    pages = {941--957},
    volume = {29},
    url = {http://journals.sagepub.com/doi/10.1177/0278364910370376},
    isbn = {0278-3649},
    doi = {10.1177/0278364910370376},
    issn = {0278-3649}
}

@misc{Qin2018VINS-Mono:Estimator,
    title = {{VINS-Mono: A Robust and Versatile Monocular Visual-Inertial State Estimator}},
    year = {2018},
    booktitle = {IEEE Transactions on Robotics},
    author = {Qin, Tong and Li, Peiliang and Shen, Shaojie},
    doi = {10.1109/TRO.2018.2853729},
    issn = {15523098},
    arxivId = {1708.03852}
}

@article{Kuhnl2014Visio-spatialRoads,
    title = {{Visio-spatial road boundary detection for unmarked urban and rural roads}},
    year = {2014},
    journal = {IEEE Intelligent Vehicles Symposium, Proceedings},
    author = {Kuhnl, Tobias and Fritsch, Jannik},
    url = {http://www.mendeley.com/research/visiospatial-road-boundary-detection-unmarked-urban-rural-roads},
    doi = {10.1109/IVS.2014.6856453}
}

@article{Scaramuzza2014Vision-ControlledEnvironments,
    title = {{Vision-Controlled Micro Flying Robots: From System Design to Autonomous Navigation and Mapping in GPS-Denied Environments}},
    year = {2014},
    journal = {IEEE Robotics {\&} Automation Magazine},
    author = {Scaramuzza, Davide and Achtelik, Michael C. and Doitsidis, Lefteris and Friedrich, Fraundorfer and Kosmatopoulos, Elias and Martinelli, Agostino and Achtelik, Markus W and Chli, Margarita and Chatzichristofis, Savvas and Kneip, Laurent and Gurdan, Daniel and Heng, Lionel and Lee, Gim Hee and Lynen, Simon and Pollefeys, Marc and Renzaglia, Alessandro and Siegwart, Roland and Stumpf, Jan Carsten and Tanskanen, Petri and Troiani, Chiara and Weiss, Stephan and Meier, Lorenz},
    number = {3},
    month = {9},
    pages = {26--40},
    volume = {21},
    url = {http://ieeexplore.ieee.org/document/6880770/},
    doi = {10.1109/MRA.2014.2322295},
    issn = {1070-9932}
}

@inproceedings{Loianno2016VisualSE3,
    title = {{Visual inertial odometry for quadrotors on SE(3)}},
    year = {2016},
    booktitle = {2016 IEEE International Conference on Robotics and Automation (ICRA)},
    author = {Loianno, Giuseppe and Watterson, Michael and Kumar, Vijay},
    month = {5},
    pages = {1544--1551},
    publisher = {IEEE},
    url = {http://www.mendeley.com/research/visual-inertial-odometry-quadrotors-se3 http://ieeexplore.ieee.org/document/7487292/},
    isbn = {978-1-4673-8026-3},
    doi = {10.1109/ICRA.2016.7487292}
}

@article{Nister2004VisualOdometry,
    title = {{Visual odometry}},
    year = {2004},
    journal = {Computer Vision and Pattern Recognition, 2004. CVPR 2004. Proceedings of the 2004 IEEE Computer Society Conference on},
    author = {Nister, D and Naroditsky, O and Bergen, J},
    pages = {I-652-I-659 Vol.1},
    volume = {1},
    url = {http://ieeexplore.ieee.org/lpdocs/epic03/wrapper.htm?arnumber=1315094%5Cnpapers3://publication/doi/10.1109/CVPR.2004.1315094},
    isbn = {0-7695-2158-4},
    doi = {10.1109/CVPR.2004.1315094},
    issn = {1063-6919},
    pmid = {22164016}
}

@article{Taketomi2017Visual2016,
    title = {{Visual SLAM algorithms: a survey from 2010 to 2016}},
    year = {2017},
    journal = {IPSJ Transactions on Computer Vision and Applications},
    author = {Taketomi, Takafumi and Uchiyama, Hideaki and Ikeda, Sei},
    number = {1},
    pages = {16},
    volume = {9},
    url = {http://ipsjcva.springeropen.com/articles/10.1186/s41074-017-0027-2},
    isbn = {81-7319-221-9},
    doi = {10.1186/s41074-017-0027-2},
    issn = {1882-6695}
}

@misc{Dellaert2014VisualAdjustment,
    title = {{Visual SLAM Tutorial: Bundle Adjustment}},
    year = {2014},
    author = {Dellaert, Frank}
}

@article{Strasdat2012VisualFilter,
    title = {{Visual SLAM: Why filter?}},
    year = {2012},
    journal = {Image and Vision Computing},
    author = {Strasdat, Hauke and Montiel, J.M.M. and Davison, Andrew J.},
    number = {2},
    month = {2},
    pages = {65--77},
    volume = {30},
    url = {http://linkinghub.elsevier.com/retrieve/pii/S0262885612000248},
    isbn = {0262-8856},
    doi = {10.1016/j.imavis.2012.02.009},
    issn = {02628856},
    pmid = {5509636},
    keywords = {Bundle adjustment, EKF, Information filter, Monocular vision, SLAM, Stereo vision, Structure from motion}
}

@article{Furgale2010VisualAutonomy,
    title = {{Visual teach and repeat for long-range rover autonomy}},
    year = {2010},
    journal = {Journal of Field Robotics},
    author = {Furgale, Paul and Barfoot, Timothy D.},
    number = {5},
    pages = {534--560},
    volume = {27},
    isbn = {1556-4967},
    doi = {10.1002/rob.20342},
    issn = {15564959},
    pmid = {22164016},
    arxivId = {10.1.1.91.5767}
}

@inproceedings{MacTavish2017VisualFollowing,
    title = {{Visual triage: A bag-of-words experience selector for long-term visual route following}},
    year = {2017},
    booktitle = {2017 IEEE International Conference on Robotics and Automation (ICRA)},
    author = {MacTavish, Kirk and Paton, Michael and Barfoot, Timothy D.},
    month = {5},
    pages = {2065--2072},
    publisher = {IEEE},
    url = {http://www.mendeley.com/research/visual-triage-bagofwords-experience-selector-longterm-visual-route-following http://ieeexplore.ieee.org/document/7989238/},
    isbn = {978-1-5090-4633-1},
    doi = {10.1109/ICRA.2017.7989238}
}

@article{Mur-Artal2016Visual-InertialReuse,
    title = {{Visual-Inertial Monocular SLAM with Map Reuse}},
    year = {2016},
    journal = {IEEE Robotics and Automation Letters},
    author = {Mur-Artal, Raul and Tardos, Juan D.},
    number = {2},
    month = {4},
    pages = {796--803},
    volume = {2},
    url = {http://ieeexplore.ieee.org/document/7817784/ http://arxiv.org/abs/1610.05949%0Ahttp://dx.doi.org/10.1109/LRA.2017.2653359},
    doi = {10.1109/LRA.2017.2653359},
    issn = {2377-3766},
    arxivId = {1610.05949}
}

@article{Achtelik2012Visual-inertialEnvironments,
    title = {{Visual-inertial SLAM for a small helicopter in large outdoor environments}},
    year = {2012},
    journal = {IEEE International Conference on Intelligent Robots and Systems},
    author = {Achtelik, Markus W. and Lynen, Simon and Weiss, Stephan and Kneip, Laurent and Chli, Margarita and Siegwart, Roland},
    url = {http://www.mendeley.com/research/visualinertial-slam-small-helicopter-large-outdoor-environments},
    doi = {10.1109/IROS.2012.6386270}
}

@article{Lupton2012Visual-inertial-aidedConditions,
    title = {{Visual-inertial-aided navigation for high-dynamic motion in built environments without initial conditions}},
    year = {2012},
    journal = {IEEE Transactions on Robotics},
    author = {Lupton, Todd and Sukkarieh, Salah},
    number = {1},
    pages = {61--76},
    volume = {28},
    isbn = {1552-3098},
    doi = {10.1109/TRO.2011.2170332},
    issn = {15523098},
    pmid = {6092505},
    keywords = {Field robots, localization, search-and-rescue robots, sensor fusion}
}

@inproceedings{Zhang2015Visual-lidarFast,
    title = {{Visual-lidar odometry and mapping: low-drift, robust, and fast}},
    year = {2015},
    booktitle = {2015 IEEE International Conference on Robotics and Automation (ICRA)},
    author = {Zhang, Ji and Singh, Sanjiv},
    number = {June},
    month = {5},
    pages = {2174--2181},
    volume = {2015-June},
    publisher = {IEEE},
    url = {http://ieeexplore.ieee.org/document/7139486/},
    isbn = {978-1-4799-6923-4},
    doi = {10.1109/ICRA.2015.7139486},
    issn = {10504729}
}

@article{Sa2017WeedNet:Farming,
    title = {{weedNet: Dense Semantic Weed Classification Using Multispectral Images and MAV for Smart Farming}},
    year = {2017},
    author = {Sa, Inkyu and Chen, Zetao and Popovic, Marija and Khanna, Raghav and Liebisch, Frank and Nieto, Juan and Siegwart, Roland},
    number = {1},
    pages = {588--595},
    volume = {3},
    url = {http://arxiv.org/abs/1709.03329},
    isbn = {2377-3766},
    doi = {10.1109/LRA.2017.2774979},
    issn = {2377-3766},
    arxivId = {1709.03329}
}

@inproceedings{Linegar2015WorkLocalisation,
    title = {{Work smart, not hard: Recalling relevant experiences for vast-scale but time-constrained localisation}},
    year = {2015},
    booktitle = {2015 IEEE International Conference on Robotics and Automation (ICRA)},
    author = {Linegar, Chris and Churchill, Winston and Newman, Paul},
    number = {June},
    month = {5},
    pages = {90--97},
    volume = {2015-June},
    publisher = {IEEE},
    url = {http://ieeexplore.ieee.org/document/7138985/},
    isbn = {978-1-4799-6923-4},
    doi = {10.1109/ICRA.2015.7138985},
    issn = {10504729}
}

@article{Gawel2018X-View:Localization,
    title = {{X-View: Graph-Based Semantic Multi-View Localization}},
    year = {2018},
    journal = {IEEE Robotics and Automation Letters},
    author = {Gawel, Abel and Don, Carlo Del and Siegwart, Roland and Nieto, Juan and Cadena, Cesar},
    number = {3},
    month = {7},
    pages = {1687--1694},
    volume = {3},
    url = {https://ieeexplore.ieee.org/document/8281068/},
    doi = {10.1109/LRA.2018.2801879},
    issn = {2377-3766}
}

@inproceedings{Redmon2016YouDetection,
    title = {{You Only Look Once: Unified, Real-Time Object Detection}},
    year = {2016},
    booktitle = {2016 IEEE Conference on Computer Vision and Pattern Recognition (CVPR)},
    author = {Redmon, J and Divvala, S and Girshick, R and Farhadi, A},
    pages = {779--788},
    doi = {10.1109/CVPR.2016.91},
    issn = {1063-6919},
    keywords = {Computer architecture, DPM, Microprocessors, Neural networks, Object detection, Pipelines, R-CNN, Real-time systems, Training, YOLO model, bounding boxes, class probabilities, detection performance, detection pipeline, image classification, image representation, natural images, neural nets, neural network, object classifiers, object detection, object representation, unified real-time object detection, you only look once}
}

@inproceedings{Delmerico2017On-the-SpotTeams,
    title = {{``On-the-Spot Training'' for Terrain Classification in Autonomous Air-Ground Collaborative Teams}},
    year = {2017},
    booktitle = {2016 International Symposium on Experimental Robotics},
    author = {Delmerico, Jeffrey and Giusti, Alessandro and Mueggler, Elias and Gambardella, Luca Maria and Scaramuzza, Davide},
    editor = {Kuli{\'{c}}, Dana and Nakamura, Yoshihiko and Khatib, Oussama and Venture, Gentiane},
    pages = {574--585},
    publisher = {Springer International Publishing},
    url = {http://link.springer.com/10.1007/978-3-319-50115-4_50},
    address = {Cham},
    isbn = {978-3-319-50115-4},
    doi = {10.1007/978-3-319-50115-4{\_}50},
    keywords = {air-ground collaboration, convolutional neural networks, deep learning, rescue, search-and-, terrain classification}
}